@Book{Gordon-RRL,
    title = "{Radio Recombination Lines}",
booktitle = {Astrophysics and Space Science Library},
     year = 2009,
   series = {Astrophysics and Space Science Library},
   volume = 282,
   editor = {{Gordon}, M.~A. and {Sorochenko}, R.~L.},
      doi = {10.1007/978-0-387-09604-9},
   adsurl = {http://adsabs.harvard.edu/abs/2009ASSL..282.....G},
  adsnote = {Provided by the SAO/NASA Astrophysics Data System}
}

@ARTICLE{Liang_2023,
       author = {{Liang}, Ruxi and {Deng}, Furen and {Yang}, Zepei and {Li}, Chunming and {Zhao}, Feiyu and {Yang}, Botao and {Shu}, Shuanghao and {Yang}, Wenxiu and {Zuo}, Shifan and {Li}, Yichao and {Wang}, Yougang and {Chen}, Xuelei},
        title = "{Detecting H I Galaxies with Deep Neural Networks in the Presence of Radio Frequency Interference}",
      journal = {Research in Astronomy and Astrophysics},
     keywords = {methods: data analysis, methods: observational, techniques: image processing, Astrophysics - Instrumentation and Methods for Astrophysics},
         year = 2023,
        month = nov,
       volume = {23},
       number = {11},
          eid = {115006},
        pages = {115006},
          doi = {10.1088/1674-4527/acd0ed},
archivePrefix = {arXiv},
       eprint = {2304.13108},
 primaryClass = {astro-ph.IM},
       adsurl = {https://ui.adsabs.harvard.edu/abs/2023RAA....23k5006L},
      adsnote = {Provided by the SAO/NASA Astrophysics Data System}
}

@ARTICLE{Fialkov_2024,
    author = {{Fialkov}, A. and {Gessey-Jones}, T. and {Dhanda}, J.},
    title = {Cosmic Mysteries and the Hydrogen 21-cm Line: Bridging the Gap with Lunar Observations},
    journal = {Philosophical Transactions of the Royal Society A: Mathematical, Physical and Engineering Sciences},
    year = 2024,
    month = may,
    volume = {382},
    number = {2271},
    doi = {10.1098/rsta.2023.0068}
}


@ARTICLE{2017PASP..129d5001D,
       author = {{DeBoer}, David R. and {Parsons}, Aaron R. and {Aguirre}, James E. and {Alexander}, Paul and {Ali}, Zaki S. and {Beardsley}, Adam P. and {Bernardi}, Gianni and {Bowman}, Judd D. and {Bradley}, Richard F. and {Carilli}, Chris L. and {Cheng}, Carina and {de Lera Acedo}, Eloy and {Dillon}, Joshua S. and {Ewall-Wice}, Aaron and {Fadana}, Gcobisa and {Fagnoni}, Nicolas and {Fritz}, Randall and {Furlanetto}, Steve R. and {Glendenning}, Brian and {Greig}, Bradley and {Grobbelaar}, Jasper and {Hazelton}, Bryna J. and {Hewitt}, Jacqueline N. and {Hickish}, Jack and {Jacobs}, Daniel C. and {Julius}, Austin and {Kariseb}, MacCalvin and {Kohn}, Saul A. and {Lekalake}, Telalo and {Liu}, Adrian and {Loots}, Anita and {MacMahon}, David and {Malan}, Lourence and {Malgas}, Cresshim and {Maree}, Matthys and {Martinot}, Zachary and {Mathison}, Nathan and {Matsetela}, Eunice and {Mesinger}, Andrei and {Morales}, Miguel F. and {Neben}, Abraham R. and {Patra}, Nipanjana and {Pieterse}, Samantha and {Pober}, Jonathan C. and {Razavi-Ghods}, Nima and {Ringuette}, Jon and {Robnett}, James and {Rosie}, Kathryn and {Sell}, Raddwine and {Smith}, Craig and {Syce}, Angelo and {Tegmark}, Max and {Thyagarajan}, Nithyanandan and {Williams}, Peter K.~G. and {Zheng}, Haoxuan},
        title = "{Hydrogen Epoch of Reionization Array (HERA)}",
      journal = {\pasp},
     keywords = {Astrophysics - Instrumentation and Methods for Astrophysics, Astrophysics - Cosmology and Nongalactic Astrophysics},
         year = 2017,
        month = apr,
       volume = {129},
       number = {974},
        pages = {045001},
          doi = {10.1088/1538-3873/129/974/045001},
archivePrefix = {arXiv},
       eprint = {1606.07473},
 primaryClass = {astro-ph.IM},
       adsurl = {https://ui.adsabs.harvard.edu/abs/2017PASP..129d5001D},
      adsnote = {Provided by the SAO/NASA Astrophysics Data System}
}



@ARTICLE{GDIGS,
       author = {{Anderson}, L.~D. and {Luisi}, Matteo and {Liu}, Bin and {Wenger}, Trey V. and {Balser}, Dana. S. and {Bania}, T.~M. and {Haffner}, L.~M. and {Linville}, Dylan J. and {Mascoop}, J.~L.},
        title = "{The GBT Diffuse Ionized Gas Survey (GDIGS): Survey Overview and First Data Release}",
      journal = {\apjs},
     keywords = {Warm ionized medium, Interstellar plasma, H II regions, Interstellar line emission, 1788, 851, 694, 844, Astrophysics - Astrophysics of Galaxies},
         year = 2021,
        month = jun,
       volume = {254},
       number = {2},
          eid = {28},
        pages = {28},
          doi = {10.3847/1538-4365/abef65},
archivePrefix = {arXiv},
       eprint = {2103.10466},
 primaryClass = {astro-ph.GA},
       adsurl = {https://ui.adsabs.harvard.edu/abs/2021ApJS..254...28A},
      adsnote = {Provided by the SAO/NASA Astrophysics Data System}
}



@ARTICLE{multibeam,
       author = {{Luan}, Xiao-Hang and {Tao}, Zhen-Zhao and {Zhao}, Hai-Chen and {Huang}, Bo-Lun and {Li}, Shi-Yu and {Liu}, Cong and {Wang}, Hong-Feng and {Liu}, Wen-Fei and {Zhang}, Tong-Jie and {Gajjar}, Vishal and {Werthimer}, Dan},
        title = "{Multibeam Blind Search of Targeted SETI Observations toward 33 Exoplanet Systems with FAST}",
      journal = {\aj},
     keywords = {Astrobiology, Search for extraterrestrial intelligence, Technosignatures, Exoplanets, 74, 2127, 2128, 498, Astrophysics - Earth and Planetary Astrophysics, Astrophysics - Instrumentation and Methods for Astrophysics},
         year = 2023,
        month = mar,
       volume = {165},
       number = {3},
          eid = {132},
        pages = {132},
          doi = {10.3847/1538-3881/acb706},
archivePrefix = {arXiv},
       eprint = {2301.10890},
 primaryClass = {astro-ph.EP},
       adsurl = {https://ui.adsabs.harvard.edu/abs/2023AJ....165..132L},
      adsnote = {Provided by the SAO/NASA Astrophysics Data System}
}



@ARTICLE{Wow_2024,
       author = {{M{\'e}ndez}, Abel and {Ortiz Ceballos}, Kevin and {Zuluaga}, Jorge I.},
        title = "{Arecibo Wow! I: An Astrophysical Explanation for the Wow! Signal}",
      journal = {arXiv e-prints},
     keywords = {Astrophysics - High Energy Astrophysical Phenomena},
         year = 2024,
        month = aug,
          eid = {arXiv:2408.08513},
        pages = {arXiv:2408.08513},
          doi = {10.48550/arXiv.2408.08513},
archivePrefix = {arXiv},
       eprint = {2408.08513},
 primaryClass = {astro-ph.HE},
       adsurl = {https://ui.adsabs.harvard.edu/abs/2024arXiv240808513M},
      adsnote = {Provided by the SAO/NASA Astrophysics Data System}
}



@ARTICLE{Hobbs_2020,
       author = {{Hobbs}, George and {Manchester}, Richard N. and {Dunning}, Alex and {Jameson}, Andrew and {Roberts}, Paul and {George}, Daniel and {Green}, J.~A. and {Tuthill}, John and {Toomey}, Lawrence and {Kaczmarek}, Jane F. and {Mader}, Stacy and {Marquarding}, Malte and {Ahmed}, Azeem and {Amy}, Shaun W. and {Bailes}, Matthew and {Beresford}, Ron and {Bhat}, N.~D.~R. and {Bock}, Douglas C. -J. and {Bourne}, Michael and {Bowen}, Mark and {Brothers}, Michael and {Cameron}, Andrew D. and {Carretti}, Ettore and {Carter}, Nick and {Castillo}, Santy and {Chekkala}, Raji and {Cheng}, Wan and {Chung}, Yoon and {Craig}, Daniel A. and {Dai}, Shi and {Dawson}, Joanne and {Dempsey}, James and {Doherty}, Paul and {Dong}, Bin and {Edwards}, Philip and {Ergesh}, Tuohutinuer and {Gao}, Xuyang and {Han}, JinLin and {Hayman}, Douglas and {Indermuehle}, Balthasar and {Jeganathan}, Kanapathippillai and {Johnston}, Simon and {Kanoniuk}, Henry and {Kesteven}, Michael and {Kramer}, Michael and {Leach}, Mark and {Mcintyre}, Vince and {Moss}, Vanessa and {Os{\l}owski}, Stefan and {Phillips}, Chris and {Pope}, Nathan and {Preisig}, Brett and {Price}, Daniel and {Reeves}, Ken and {Reilly}, Les and {Reynolds}, John and {Robishaw}, Tim and {Roush}, Peter and {Ruckley}, Tim and {Sadler}, Elaine and {Sarkissian}, John and {Severs}, Sean and {Shannon}, Ryan and {Smart}, Ken and {Smith}, Malcolm and {Smith}, Stephanie and {Sobey}, Charlotte and {Staveley-Smith}, Lister and {Tzioumis}, Anastasios and {van Straten}, Willem and {Wang}, Nina and {Wen}, Linqing and {Whiting}, Matthew},
        title = "{An ultra-wide bandwidth (704 to 4 032 MHz) receiver for the Parkes radio telescope}",
      journal = {\pasa},
     keywords = {Instrumentation, Receivers. Radio astronomy, Astrophysics - Instrumentation and Methods for Astrophysics},
         year = 2020,
        month = apr,
       volume = {37},
          eid = {e012},
        pages = {e012},
          doi = {10.1017/pasa.2020.2},
archivePrefix = {arXiv},
       eprint = {1911.00656},
 primaryClass = {astro-ph.IM},
       adsurl = {https://ui.adsabs.harvard.edu/abs/2020PASA...37...12H},
      adsnote = {Provided by the SAO/NASA Astrophysics Data System}
}

@ARTICLE{Offringa_RFI,
   author = {{Offringa}, A.~R. and {Wayth}, R.~B. and {Hurley-Walker}, N. and 
	{Kaplan}, D.~L. and {Barry}, N. and others},
    title = "{The Low-Frequency Environment of the Murchison Widefield Array: Radio-Frequency Interference Analysis and Mitigation}",
  journal = {\pasa},
archivePrefix = "arXiv",
   eprint = {1501.03946},
 primaryClass = "astro-ph.IM",
 keywords = {instrumentation: interferometers, methods: observational, radio continuum: general, techniques: interferometric},
     year = 2015,
    month = mar,
   volume = 32,
      eid = {e008},
    pages = {e008},
      doi = {10.1017/pasa.2015.7},
   adsurl = {http://adsabs.harvard.edu/abs/2015PASA...32....8O},
  adsnote = {Provided by the SAO/NASA Astrophysics Data System}
}

@ARTICLE{Huang_2023,
       author = {{Huang}, Bo-Lun and {Tao}, Zhen-Zhao and {Zhang}, Tong-Jie},
        title = "{A Solution to Continuous RFI in Narrowband Radio SETI with FAST: The MultiBeam Point-source Scanning Strategy}",
      journal = {\aj},
     keywords = {Search for extraterrestrial intelligence, Radio telescopes, Astronomical instrumentation, 2127, 1360, 799, Astrophysics - Instrumentation and Methods for Astrophysics, Astrophysics - Earth and Planetary Astrophysics},
         year = 2023,
        month = dec,
       volume = {166},
       number = {6},
          eid = {245},
        pages = {245},
          doi = {10.3847/1538-3881/ad06b1},
archivePrefix = {arXiv},
       eprint = {2307.11368},
 primaryClass = {astro-ph.IM},
       adsurl = {https://ui.adsabs.harvard.edu/abs/2023AJ....166..245H},
      adsnote = {Provided by the SAO/NASA Astrophysics Data System}
}



@ARTICLE{pietka,
       author = {{Pietka}, M. and {Fender}, R.~P. and {Keane}, E.~F.},
        title = "{The variability time-scales and brightness temperatures of radio flares from stars to supermassive black holes}",
      journal = {\mnras},
     keywords = {radiation mechanisms: non-thermal, ISM: jets and outflows, Astrophysics - High Energy Astrophysical Phenomena},
         year = 2015,
        month = feb,
       volume = {446},
       number = {4},
        pages = {3687-3696},
          doi = {10.1093/mnras/stu2335},
archivePrefix = {arXiv},
       eprint = {1411.1067},
 primaryClass = {astro-ph.HE},
       adsurl = {https://ui.adsabs.harvard.edu/abs/2015MNRAS.446.3687P},
      adsnote = {Provided by the SAO/NASA Astrophysics Data System}
}



@ARTICLE{Corentin,
       author = {{Louis}, C.~K. and {Louarn}, P. and {Collet}, B. and {Cl{\'e}ment}, N. and {Al Saati}, S. and {Szalay}, J.~R. and {Hue}, V. and {Lamy}, L. and {Kotsiaros}, S. and {Kurth}, W.~S. and {Jackman}, C.~M. and {Wang}, Y. and {Blanc}, M. and {Allegrini}, F. and {Connerney}, J.~E.~P. and {Gershman}, D.},
        title = "{Source of Radio Emissions Induced by the Galilean Moons Io, Europa and Ganymede: In Situ Measurements by Juno}",
      journal = {Journal of Geophysical Research (Space Physics)},
     keywords = {Jupiter, Galilean moons (Io, Europa, Ganymede), radio emission, cyclotron maser instability, Juno, Astrophysics - Earth and Planetary Astrophysics, Physics - Space Physics},
         year = 2023,
        month = dec,
       volume = {128},
       number = {12},
          eid = {e2023JA031985},
        pages = {e2023JA031985},
          doi = {10.1029/2023JA031985},
archivePrefix = {arXiv},
       eprint = {2308.05541},
 primaryClass = {astro-ph.EP},
       adsurl = {https://ui.adsabs.harvard.edu/abs/2023JGRA..12831985L},
      adsnote = {Provided by the SAO/NASA Astrophysics Data System}
}



@ARTICLE{Io,
       author = {{Goldreich}, P. and {Lynden-Bell}, D.},
        title = "{Io, a jovian unipolar inductor}",
      journal = {\apj},
         year = 1969,
        month = apr,
       volume = {156},
        pages = {59-78},
          doi = {10.1086/149947},
       adsurl = {https://ui.adsabs.harvard.edu/abs/1969ApJ...156...59G},
      adsnote = {Provided by the SAO/NASA Astrophysics Data System}
}



@ARTICLE{FLASH,
       author = {{Yoon}, Hyein and {Sadler}, Elaine M. and {Mahony}, Elizabeth K. and {Aditya}, J.~N.~H.~S. and {Allison}, James R. and {Glowacki}, Marcin and {Kerrison}, Emily F. and {Moss}, Vanessa A. and {Su}, Renzhi and {Weng}, Simon and {Whiting}, Matthew and {Wong}, O. Ivy and {Callingham}, Joseph R. and {Curran}, Stephen J. and {Darling}, Jeremy and {Edge}, Alastair C. and {Ellison}, Sara L. and {Emig}, Kimberly L. and {Garratt-Smithson}, Lilian and {German}, Gordon and {Grasha}, Kathryn and {Koribalski}, Baerbel S. and {Morganti}, Raffaella and {Oosterloo}, Tom and {P{\'e}roux}, C{\'e}line and {Pettini}, Max and {Pimbblet}, Kevin A. and {Zheng}, Zheng and {Zwaan}, Martin and {Ball}, Lewis and {Bock}, Douglas C. -J. and {Brodrick}, David and {Bunton}, John D. and {Cooray}, F.~R. and {Edwards}, Philip G. and {Hayman}, Douglas B. and {Hotan}, Aidan W. and {Lee-Waddell}, K. and {McClure-Griffiths}, N.~M. and {Ng}, A. and {Phillips}, Chris J. and {Raja}, Wasim and {Voronkov}, Maxim A. and {Westmeier}, Tobias},
        title = "{The First Large Absorption Survey in HI (FLASH): II. Pilot Survey data release and first results}",
      journal = {arXiv e-prints},
     keywords = {Astrophysics - Astrophysics of Galaxies},
         year = 2024,
        month = aug,
          eid = {arXiv:2408.06626},
        pages = {arXiv:2408.06626},
          doi = {10.48550/arXiv.2408.06626},
archivePrefix = {arXiv},
       eprint = {2408.06626},
 primaryClass = {astro-ph.GA},
       adsurl = {https://ui.adsabs.harvard.edu/abs/2024arXiv240806626Y},
      adsnote = {Provided by the SAO/NASA Astrophysics Data System}
}


@ARTICLE{Ilin2024,
       author = {{Ilin}, Ekaterina and {Poppenh{\"a}ger}, Katja and {Chebly}, Judy and {Ili{\'c}}, Nikoleta and {Alvarado-G{\'o}mez}, Juli{\'a}n D.},
        title = "{Planetary perturbers: flaring star-planet interactions in Kepler and TESS}",
      journal = {MNRAS},
     keywords = {planet-star interactions, stars: activity, stars: flare, stars: low-mass, stars: magnetic field, Astrophysics - Solar and Stellar Astrophysics, Astrophysics - Earth and Planetary Astrophysics},
         year = 2024,
        month = jan,
       volume = {527},
       number = {2},
        pages = {3395-3417},
          doi = {10.1093/mnras/stad3398},
archivePrefix = {arXiv},
       eprint = {2311.04316},
 primaryClass = {astro-ph.SR},
       adsurl = {https://ui.adsabs.harvard.edu/abs/2024MNRAS.527.3395I},
      adsnote = {Provided by the SAO/NASA Astrophysics Data System}
}

@ARTICLE{Zarka2007,
   author = {{Zarka}, P.},
    title = "{Plasma interactions of exoplanets with their parent star and associated radio emissions}",
  journal = {P$\&$SS},
     year = 2007,
    month = apr,
   volume = 55,
    pages = {598-617},
      doi = {10.1016/j.pss.2006.05.045},
   adsurl = {http://adsabs.harvard.edu/abs/2007P%26SS...55..598Z},
  adsnote = {Provided by the SAO/NASA Astrophysics Data System}
}

@ARTICLE{Perna2010a,
   author = {{Perna}, R. and {Menou}, K. and {Rauscher}, E.},
    title = "{Magnetic Drag on Hot Jupiter Atmospheric Winds}",
  journal = {ApJ},
archivePrefix = "arXiv",
   eprint = {1003.3838},
 primaryClass = "astro-ph.EP",
 keywords = {planets and satellites: atmospheres, planets and satellites: individual: HD 209458b, planets and satellites: magnetic fields},
     year = 2010,
    month = aug,
   volume = 719,
    pages = {1421-1426},
      doi = {10.1088/0004-637X/719/2/1421},
   adsurl = {Magnetic Drag on Hot Jupiter Atmospheric Winds},
  adsnote = {Provided by the SAO/NASA Astrophysics Data System}
}

@ARTICLE{Batygin2018,
       author = {{Batygin}, Konstantin},
        title = "{On the Terminal Rotation Rates of Giant Planets}",
      journal = {AJ},
     keywords = {planet{\textendash}disk interactions, planetary systems, planets and satellites: formation, Astrophysics - Earth and Planetary Astrophysics},
         year = 2018,
        month = apr,
       volume = {155},
       number = {4},
          eid = {178},
        pages = {178},
          doi = {10.3847/1538-3881/aab54e},
archivePrefix = {arXiv},
       eprint = {1803.07106},
 primaryClass = {astro-ph.EP},
       adsurl = {https://ui.adsabs.harvard.edu/abs/2018AJ....155..178B},
      adsnote = {Provided by the SAO/NASA Astrophysics Data System}
}



@ARTICLE{Turner2021_Radio,
       author = {{Turner}, Jake D. and {Zarka}, Philippe and {Grie{\ss}meier}, Jean-Mathias and {Lazio}, Joseph and {Cecconi}, Baptiste and {Emilio Enriquez}, J. and {Girard}, Julien N. and {Jayawardhana}, Ray and {Lamy}, Laurent and {Nichols}, Jonathan D. and {de Pater}, Imke},
        title = "{The search for radio emission from the exoplanetary systems 55 Cancri, {\ensuremath{\upsilon}} Andromedae, and {\ensuremath{\tau}} Bo{\"o}tis using LOFAR beam-formed observations}",
      journal = {A$\&$A},
     keywords = {planets and satellites: magnetic fields, radio continuum: planetary systems, magnetic fields, planet-star interactions, planets and satellites: aurorae, planets and satellites: gaseous planets, Astrophysics - Earth and Planetary Astrophysics, Astrophysics - Solar and Stellar Astrophysics},
         year = 2021,
        month = jan,
       volume = {645},
          eid = {A59},
        pages = {A59},
          doi = {10.1051/0004-6361/201937201},
archivePrefix = {arXiv},
       eprint = {2012.07926},
 primaryClass = {astro-ph.EP},
       adsurl = {https://ui.adsabs.harvard.edu/abs/2021A&A...645A..59T},
      adsnote = {Provided by the SAO/NASA Astrophysics Data System}
}

@ARTICLE{Gr2015,
   author = {{Grie{\ss}meier}, J.-M. and {Tabataba-Vakili}, F. and {Stadelmann}, A. and 
	{Grenfell}, J.~L. and {Atri}, D.},
    title = "{Galactic cosmic rays on extrasolar Earth-like planets. I. Cosmic ray flux}",
  journal = {A$\&$A},
archivePrefix = "arXiv",
   eprint = {1509.00735},
 primaryClass = "astro-ph.EP",
 keywords = {planets and satellites: terrestrial planets, cosmic rays, planets and satellites: magnetic fields},
     year = 2015,
    month = sep,
   volume = 581,
      eid = {A44},
    pages = {A44},
      doi = {10.1051/0004-6361/201425451},
   adsurl = {http://adsabs.harvard.edu/abs/2015A%26A...581A..44G},
  adsnote = {Provided by the SAO/NASA Astrophysics Data System}
}

@ARTICLE{Route2019,
       author = {{Route}, Matthew},
        title = "{The Rise of ROME. I. A Multiwavelength Analysis of the Star-Planet Interaction in the HD 189733 System}",
      journal = {ApJ},
     keywords = {planet─star interactions, radiation mechanisms: non-thermal, stars: activity, stars: individual: HD 189733, stars: magnetic field, starspots, Astrophysics - Solar and Stellar Astrophysics, Astrophysics - Earth and Planetary Astrophysics},
         year = "2019",
        month = "Feb",
       volume = {872},
       number = {1},
          eid = {79},
        pages = {79},
          doi = {10.3847/1538-4357/aafc25},
archivePrefix = {arXiv},
       eprint = {1901.02048},
 primaryClass = {astro-ph.SR},
       adsurl = {https://ui.adsabs.harvard.edu/abs/2019ApJ...872...79R},
      adsnote = {Provided by the SAO/NASA Astrophysics Data System}
}

@ARTICLE{Turner2016a,
   author = {{Turner}, J.~D. and {Christie}, D. and {Arras}, P. and {Johnson}, R.~E. and 
	{Schmidt}, C.},
    title = "{Investigation of the environment around close-in transiting exoplanets using CLOUDY}",
  journal = {MNRAS},
archivePrefix = "arXiv",
   eprint = {1603.01229},
 primaryClass = "astro-ph.EP",
 keywords = {planets and satellites: atmospheres, planets and satellites: magnetic fields, planet-star interactions, stars: coronae},
     year = 2016,
    month = jun,
   volume = 458,
    pages = {3880-3891},
      doi = {10.1093/mnras/stw556},
   adsurl = {http://adsabs.harvard.edu/abs/2016MNRAS.458.3880T},
  adsnote = {Provided by the SAO/NASA Astrophysics Data System}
}

@ARTICLE{Burns2021_RSPTA,
       author = {{Burns}, Jack O.},
        title = "{Transformative science from the lunar farside: observations of the dark ages and exoplanetary systems at low radio frequencies}",
      journal = {Philosophical Transactions of the Royal Society of London Series A},
     keywords = {Astrophysics - Instrumentation and Methods for Astrophysics},
         year = 2021,
        month = jan,
       volume = {379},
       number = {2188},
          eid = {20190564},
        pages = {20190564},
          doi = {10.1098/rsta.2019.0564},
archivePrefix = {arXiv},
       eprint = {2003.06881},
 primaryClass = {astro-ph.IM},
       adsurl = {https://ui.adsabs.harvard.edu/abs/2021RSPTA.37990564B},
      adsnote = {Provided by the SAO/NASA Astrophysics Data System}
}


@ARTICLE{Louis2025,
       author = {{Louis}, C.~K. and {Loh}, A. and {Zarka}, P. and {Lamy}, L. and {Mauduit}, E. and {Girard}, J.~N. and {N\textbackslash'enon}, Q.},
        title = "{Detection method for periodic radio emissions from an exoplanet's magnetosphere or a star-planet interaction}",
      journal = {arXiv e-prints},
     keywords = {Earth and Planetary Astrophysics, Instrumentation and Methods for Astrophysics},
         year = 2025,
        month = mar,
          eid = {arXiv:2503.18733},
        pages = {arXiv:2503.18733},
          doi = {10.48550/arXiv.2503.18733},
archivePrefix = {arXiv},
       eprint = {2503.18733},
 primaryClass = {astro-ph.EP},
       adsurl = {https://ui.adsabs.harvard.edu/abs/2025arXiv250318733L},
      adsnote = {Provided by the SAO/NASA Astrophysics Data System}
}



@article{Shahar2019,
author = {Anat Shahar  and Peter Driscoll  and Alycia Weinberger  and George Cody },
title = {What makes a planet habitable?},
journal = {Science},
volume = {364},
number = {6439},
pages = {434-435},
year = {2019},
doi = {10.1126/science.aaw4326},
}


@ARTICLE{Jia2023,
       author = {{Jia}, Shi and {Zhong}, Wei. and {Yu}, Cong},
        title = "{Ohmic Dissipation During the Formation of Super-Earth}",
      journal = {ApJ},
     keywords = {Exoplanet evolution, Exoplanet formation, Exoplanet structure, Magnetohydrodynamics, Magnetic fields, 491, 492, 495, 1964, 994, Astrophysics - Earth and Planetary Astrophysics},
         year = 2023,
        month = jul,
       volume = {951},
       number = {2},
          eid = {116},
        pages = {116},
          doi = {10.3847/1538-4357/acd4bc},
archivePrefix = {arXiv},
       eprint = {2306.05913},
 primaryClass = {astro-ph.EP},
       adsurl = {https://ui.adsabs.harvard.edu/abs/2023ApJ...951..116J},
      adsnote = {Provided by the SAO/NASA Astrophysics Data System},
}


@ARTICLE{Lazio2019,
       author = {{Lazio}, Joseph and {Hallinan}, G. and {Airapetian}, A. and
         {Brain}, D.~A. and {Clarke}, T.~E. and {Dolch}, T. and {Dong}, C.~F. and
         {Driscoll}, P.~E. and {Fares}, R. and {Griessmeier}, J. -M. and
         {Farrell}, W.~M. and {Kasper}, J.~C. and {Murphy}, T. and
         {Rogers}, L.~A. and {Shkolnik}, E. and {Stanley}, S. and
         {Strugarek}, A. and {Turner}, N.~J. and {Wolszczan}, A. and
         {Zarka}, P. and {Knapp}, M. and {Lynch}, C.~R. and {Turner}, J.~D.},
        title = "{Magnetic Fields of Extrasolar Planets: Planetary Interiors and Habitability}",
      journal = {\baas},
     keywords = {Astrophysics - Earth and Planetary Astrophysics, Astrophysics - Solar and Stellar Astrophysics},
         year = "2019",
        month = "May",
       volume = {51},
       number = {3},
          eid = {135},
        pages = {135},
archivePrefix = {arXiv},
       eprint = {1803.06487},
 primaryClass = {astro-ph.EP},
       adsurl = {https://ui.adsabs.harvard.edu/abs/2019BAAS...51c.135L},
      adsnote = {Provided by the SAO/NASA Astrophysics Data System}
}

@ARTICLE{Lovelace2008,
   author = {{Lovelace}, R.~V.~E. and {Romanova}, M.~M. and {Barnard}, A.~W.
	},
    title = "{Planet migration and disc destruction due to magneto-centrifugal stellar winds}",
  journal = {MNRAS},
archivePrefix = "arXiv",
   eprint = {0806.4197},
 keywords = {accretion, accretion discs , planets and satellites: general , stars: magnetic fields , stars: pre-main-sequence , stars: winds, outflows},
     year = 2008,
    month = sep,
   volume = 389,
    pages = {1233-1239},
      doi = {10.1111/j.1365-2966.2008.13617.x},
   adsurl = {http://adsabs.harvard.edu/abs/2008MNRAS.389.1233L},
  adsnote = {Provided by the SAO/NASA Astrophysics Data System}
}


@ARTICLE{Beltz2023,
       author = {{Beltz}, Hayley and {Rauscher}, Emily and {Kempton}, Eliza M. -R. and {Malsky}, Isaac and {Savel}, Arjun B.},
        title = "{Magnetic Effects and 3D Structure in Theoretical High-resolution Transmission Spectra of Ultrahot Jupiters: the Case of WASP-76b}",
      journal = {AJ},
     keywords = {Exoplanet atmospheres, Hot Jupiters, High resolution spectroscopy, Transmission spectroscopy, Atmospheric circulation, Hydrodynamical simulations, Magnetohydrodynamical simulations, 487, 753, 2096, 2133, 112, 767, 1966, Astrophysics - Earth and Planetary Astrophysics},
         year = 2023,
        month = jun,
       volume = {165},
       number = {6},
          eid = {257},
        pages = {257},
          doi = {10.3847/1538-3881/acd24d},
archivePrefix = {arXiv},
       eprint = {2302.13969},
 primaryClass = {astro-ph.EP},
       adsurl = {https://ui.adsabs.harvard.edu/abs/2023AJ....165..257B},
      adsnote = {Provided by the SAO/NASA Astrophysics Data System}
}


@ARTICLE{Egan2019,
       author = {{Egan}, Hilary and {Jarvinen}, Riku and {Ma}, Yingjuan and {Brain}, David},
        title = "{Planetary magnetic field control of ion escape from weakly magnetized planets}",
      journal = {MNRAS},
     keywords = {plasmas, methods: numerical, planets and satellites: atmospheres, planets and satellites: magnetic fields, Astrophysics - Earth and Planetary Astrophysics},
         year = 2019,
        month = sep,
       volume = {488},
       number = {2},
        pages = {2108-2120},
          doi = {10.1093/mnras/stz1819},
archivePrefix = {arXiv},
       eprint = {1907.02978},
 primaryClass = {astro-ph.EP},
       adsurl = {https://ui.adsabs.harvard.edu/abs/2019MNRAS.488.2108E},
      adsnote = {Provided by the SAO/NASA Astrophysics Data System}
}


@ARTICLE{Zarka2015SKA,
   author = {{Zarka}, P. and {Lazio}, J. and {Hallinan}, G.},
    title = "{Magnetospheric Radio Emissions from Exoplanets with the SKA}",
  journal = {Advancing Astrophysics with the Square Kilometre Array (AASKA14)},
     year = 2015,
    month = apr,
      eid = {120},
    pages = {120},
   adsurl = {http://adsabs.harvard.edu/abs/2015aska.confE.120Z},
  adsnote = {Provided by the SAO/NASA Astrophysics Data System}
}

@article{Zarka2018haex,
  title={Star-planet interactions in the radio domain: Prospect for their detection},
  author={Zarka, Philippe},
  journal={Handbook of Exoplanets},
  pages={1775--1790},
  year={2018},
  publisher={Springer International Publishing}
}

@BOOK{Zarka2018haex,
       author = {{Zarka}, P.},
        title = "{Star-Planet Interactions in the Radio Domain: Prospect for Their Detection}",
     keywords = {Physics},
    booktitle = {Handbook of Exoplanets},
         year = 2018,
       editor = {{Deeg}, Hans J. and {Belmonte}, Juan Antonio},
          eid = {22},
        pages = {22},
          doi = {10.1007/978-3-319-55333-7_2210.1007/978-3-319-30648-3_22-1},
       adsurl = {https://ui.adsabs.harvard.edu/abs/2018haex.bookE..22Z},
      adsnote = {Provided by the SAO/NASA Astrophysics Data System}
}

@INPROCEEDINGS{G2015,
   author = {{Grie{\ss}meier}, J.-M.},
    title = "{Detection Methods and Relevance of Exoplanetary Magnetic Fields}",
 keywords = {Physics},
booktitle = {Astrophysics and Space Science Library},
     year = 2015,
   series = {Astrophysics and Space Science Library},
   volume = 411,
   editor = {{Lammer}, H. and {Khodachenko}, M.},
    pages = {213},
      doi = {10.1007/978-3-319-09749-7_11},
   adsurl = {http://adsabs.harvard.edu/abs/2015ASSL..411..213G},
  adsnote = {Provided by the SAO/NASA Astrophysics Data System}
}



@ARTICLE{Hubbard1973,
   author = {{Hubbard}, W.~B. and {Smoluchowski}, R.},
    title = "{Structure of Jupiter and Saturn}",
  journal = {SSRv},
     year = 1973,
    month = jun,
   volume = 14,
    pages = {599-662},
      doi = {10.1007/BF00166644},
   adsurl = {http://adsabs.harvard.edu/abs/1973SSRv...14..599H},
  adsnote = {Provided by the SAO/NASA Astrophysics Data System}
}



@ARTICLE{Zarka2004,
       author = {{Zarka}, P. and {Farrell}, W.~M. and {Kaiser}, M.~L. and {Blanc}, E. and {Kurth}, W.~S.},
        title = "{Study of solar system planetary lightning with LOFAR}",
      journal = {\planss},
         year = 2004,
        month = dec,
       volume = {52},
       number = {15},
        pages = {1435-1447},
          doi = {10.1016/j.pss.2004.09.011},
       adsurl = {https://ui.adsabs.harvard.edu/abs/2004P&SS...52.1435Z},
      adsnote = {Provided by the SAO/NASA Astrophysics Data System}
}



@article{Desch1984,
author = {Desch, M. D. and Barrow, C. H.},
title = {Direct evidence for solar wind control of Jupiter’s hectometer-wavelength radio emission},
journal = {Journal of Geophysical Research: Space Physics},
volume = {89},
number = {A8},
pages = {6819-6823},
doi = {https://doi.org/10.1029/JA089iA08p06819},
url = {https://agupubs.onlinelibrary.wiley.com/doi/abs/10.1029/JA089iA08p06819},
eprint = {https://agupubs.onlinelibrary.wiley.com/doi/pdf/10.1029/JA089iA08p06819},
abstract = {Observations of the solar wind close to Jupiter by the Voyager 1 and Voyager 2 spacecraft in 1978 and 1979 are compared with the hectometer-wavelength radio emission from the planet. A significant positive correlation is found between variations in the solar wind plasma density at Jupiter and the level of Jovian radio emission output. During the 173-day interval studied for the Voyager 2 data the radio emission displayed a long-term periodicity of about 13 days, identical to that shown by the solar wind density at Jupiter and consistent with the magnetic sector structure association already proposed for ground-based observations of the decameter-wavelength emission.},
year = {1984}
}



@ARTICLE{Trigilio2023,
       author = {{Trigilio}, Corrado and {Biswas}, Ayan and {Leto}, Paolo and {Umana}, Grazia and {Busa}, Innocenza and {Cavallaro}, Francesco and {Das}, Barnali and {Chandra}, Poonam and {Perez-Torres}, Miguel and {Wade}, Gregg A. and {Bordiu}, Cristobal and {Buemi}, Carla S. and {Bufano}, Filomena and {Ingallinera}, Adriano and {Loru}, Sara and {Riggi}, Simone},
        title = "{Star-Planet Interaction at radio wavelengths in YZ Ceti: Inferring planetary magnetic field}",
      journal = {arXiv e-prints},
     keywords = {Astrophysics - Earth and Planetary Astrophysics, Astrophysics - Instrumentation and Methods for Astrophysics, Astrophysics - Solar and Stellar Astrophysics},
         year = 2023,
        month = may,
          eid = {arXiv:2305.00809},
        pages = {arXiv:2305.00809},
          doi = {10.48550/arXiv.2305.00809},
archivePrefix = {arXiv},
       eprint = {2305.00809},
 primaryClass = {astro-ph.EP},
       adsurl = {https://ui.adsabs.harvard.edu/abs/2023arXiv230500809T},
      adsnote = {Provided by the SAO/NASA Astrophysics Data System}
}

@ARTICLE{Pineda2023,
       author = {{Pineda}, J. Sebastian and {Villadsen}, Jackie},
        title = "{Coherent radio bursts from known M-dwarf planet-host YZ Ceti}",
      journal = {Nature Astronomy},
     keywords = {Astrophysics - Solar and Stellar Astrophysics, Astrophysics - Earth and Planetary Astrophysics},
         year = 2023,
        month = may,
       volume = {7},
        pages = {569-578},
          doi = {10.1038/s41550-023-01914-0},
archivePrefix = {arXiv},
       eprint = {2304.00031},
 primaryClass = {astro-ph.SR},
       adsurl = {https://ui.adsabs.harvard.edu/abs/2023NatAs...7..569P},
      adsnote = {Provided by the SAO/NASA Astrophysics Data System}
}


@ARTICLE{Ilin2022,
       author = {{Ilin}, E. and {Poppenhaeger}, K.},
        title = "{Searching for flaring star-planet interactions in AU Mic TESS observations}",
      journal = {MNRAS},
     keywords = {planets and satellites: individual: AU Mic b, planet-star interactions, stars: flare, stars: individual: AU Mic, Astrophysics - Solar and Stellar Astrophysics, Astrophysics - Earth and Planetary Astrophysics},
         year = 2022,
        month = jul,
       volume = {513},
       number = {3},
        pages = {4579-4586},
          doi = {10.1093/mnras/stac1232},
archivePrefix = {arXiv},
       eprint = {2204.14090},
 primaryClass = {astro-ph.SR},
       adsurl = {https://ui.adsabs.harvard.edu/abs/2022MNRAS.513.4579I},
      adsnote = {Provided by the SAO/NASA Astrophysics Data System}
}


@ARTICLE{Salter2008,
       author = {{Salter}, D.~M. and {Hogerheijde}, M.~R. and {Blake}, G.~A.},
        title = "{Captured at millimeter wavelengths: a flare from the classical T Tauri star DQ Tauri}",
      journal = {\aap},
     keywords = {radio continuum: stars, stars: individual: DQ Tau, stars: pre-main sequence, stars: binaries: spectroscopic, stars: flare, stars: magnetic fields, Astrophysics},
         year = 2008,
        month = dec,
       volume = {492},
       number = {1},
        pages = {L21-L24},
          doi = {10.1051/0004-6361:200810807},
archivePrefix = {arXiv},
       eprint = {0810.4162},
 primaryClass = {astro-ph},
       adsurl = {https://ui.adsabs.harvard.edu/abs/2008A&A...492L..21S},
      adsnote = {Provided by the SAO/NASA Astrophysics Data System}
}



@ARTICLE{Lahiri2023,
       author = {{Lahiri}, Deblina and {Rani}, G. Mamatha and {Sriram}, K.},
        title = "{A study of flare emission in DV Psc using TESS data}",
      journal = {\apss},
     keywords = {Binaries: eclipsing, Stars: activity, Stars: flare, Stars: late-type starspots, Individual, DV Psc},
         year = 2023,
        month = oct,
       volume = {368},
       number = {10},
          eid = {90},
        pages = {90},
          doi = {10.1007/s10509-023-04243-w},
       adsurl = {https://ui.adsabs.harvard.edu/abs/2023Ap&SS.368...90L},
      adsnote = {Provided by the SAO/NASA Astrophysics Data System}
}


@ARTICLE{Lahiri2023,
       author = {{Lahiri}, Deblina and {Rani}, G. Mamatha and {Sriram}, K.},
        title = "{A study of flare emission in DV Psc using TESS data}",
      journal = {\apss},
     keywords = {Binaries: eclipsing, Stars: activity, Stars: flare, Stars: late-type starspots, Individual, DV Psc},
         year = 2023,
        month = oct,
       volume = {368},
       number = {10},
          eid = {90},
        pages = {90},
          doi = {10.1007/s10509-023-04243-w},
       adsurl = {https://ui.adsabs.harvard.edu/abs/2023Ap&SS.368...90L},
      adsnote = {Provided by the SAO/NASA Astrophysics Data System}
}

@INCOLLECTION{Shkolnik2018,
       author = {{Shkolnik}, Evgenya L. and {Llama}, Joe},
        title = "{Signatures of Star-Planet Interactions}",
     keywords = {Physics, Astrophysics - Solar and Stellar Astrophysics, Astrophysics - Earth and Planetary Astrophysics},
    booktitle = {Handbook of Exoplanets},
         year = 2018,
       editor = {{Deeg}, Hans J. and {Belmonte}, Juan Antonio},
          eid = {20},
        pages = {20},
          doi = {10.1007/978-3-319-55333-7_20},
       adsurl = {https://ui.adsabs.harvard.edu/abs/2018haex.bookE..20S},
      adsnote = {Provided by the SAO/NASA Astrophysics Data System}
}




@ARTICLE{Brain2024,
       author = {{Brain}, David A. and {Kao}, Melodie M. and {O'Rourke}, Joseph G.},
        title = "{Exoplanet Magnetic Fields}",
      journal = {arXiv e-prints},
     keywords = {Astrophysics - Earth and Planetary Astrophysics, Astrophysics - Solar and Stellar Astrophysics, Physics - Geophysics, Physics - Space Physics},
         year = 2024,
        month = apr,
          eid = {arXiv:2404.15429},
        pages = {arXiv:2404.15429},
          doi = {10.48550/arXiv.2404.15429},
archivePrefix = {arXiv},
       eprint = {2404.15429},
 primaryClass = {astro-ph.EP},
       adsurl = {https://ui.adsabs.harvard.edu/abs/2024arXiv240415429B},
      adsnote = {Provided by the SAO/NASA Astrophysics Data System}
}


@ARTICLE{Strugarek2016,
       author = {{Strugarek}, A.},
        title = "{Assessing Magnetic Torques and Energy Fluxes in Close-in Star-Planet Systems}",
      journal = {ApJ},
     keywords = {planet{\textendash}star interactions, planets and satellites: dynamical evolution and stability, stars: wind, outflows, Astrophysics - Earth and Planetary Astrophysics, Astrophysics - Solar and Stellar Astrophysics},
         year = 2016,
        month = dec,
       volume = {833},
       number = {2},
          eid = {140},
        pages = {140},
          doi = {10.3847/1538-4357/833/2/140},
archivePrefix = {arXiv},
       eprint = {1610.05705},
 primaryClass = {astro-ph.EP},
       adsurl = {https://ui.adsabs.harvard.edu/abs/2016ApJ...833..140S},
      adsnote = {Provided by the SAO/NASA Astrophysics Data System}
}



@ARTICLE{Saur2013,
       author = {{Saur}, J. and {Grambusch}, T. and {Duling}, S. and {Neubauer}, F.~M. and
         {Simon}, S.},
        title = "{Magnetic energy fluxes in sub-Alfv{\'e}nic planet star and moon planet interactions}",
      journal = {A$\&$A},
     keywords = {planet-star interactions, planets and satellites: general, planets and satellites: magnetic fields},
         year = "2013",
        month = "Apr",
       volume = {552},
          eid = {A119},
        pages = {A119},
          doi = {10.1051/0004-6361/201118179},
       adsurl = {https://ui.adsabs.harvard.edu/abs/2013A&A...552A.119S},
      adsnote = {Provided by the SAO/NASA Astrophysics Data System}
}


@ARTICLE{Lanza2009,
       author = {{Lanza}, A.~F.},
        title = "{Stellar coronal magnetic fields and star-planet interaction}",
      journal = {A$\&$A},
     keywords = {stars: planetary systems, stars: activity, stars: late-type, stars: magnetic fields, stars: general, Astrophysics - Solar and Stellar Astrophysics, Astrophysics - Earth and Planetary Astrophysics},
         year = "2009",
        month = "Oct",
       volume = {505},
       number = {1},
        pages = {339-350},
          doi = {10.1051/0004-6361/200912367},
archivePrefix = {arXiv},
       eprint = {0906.1738},
 primaryClass = {astro-ph.SR},
       adsurl = {https://ui.adsabs.harvard.edu/abs/2009A&A...505..339L},
      adsnote = {Provided by the SAO/NASA Astrophysics Data System}
}

@article{Cuntz2000,
	Adsnote = {Provided by the SAO/NASA Astrophysics Data System},
	Adsurl = {http://adsabs.harvard.edu/abs/2000ApJ...533L.151C},
	Author = {{Cuntz}, M. and {Saar}, S.~H. and {Musielak}, Z.~E.},
	Doi = {10.1086/312609},
	Journal = {ApJl},
	Keywords = {STARS: BINARIES: GENERAL, STARS: PLANETARY SYSTEMS, STARS: ACTIVITY, STARS: CHROMOSPHERES, STARS: CORONAE, STARS: LATE-TYPE},
	Month = apr,
	Pages = {L151-L154},
	Title = {{On Stellar Activity Enhancement Due to Interactions with Extrasolar Giant Planets}},
	Volume = 533,
	Year = 2000,
	Bdsk-Url-1 = {http://dx.doi.org/10.1086/312609}}



@ARTICLE{WALLABY,
       author = {{Mould}, Jeremy and {Jarrett}, T.~H. and {Courtois}, H{\'e}l{\`e}ne and {Bosma}, Albert and {Deg}, Nathan and {Dupuy}, Alexandra and {Staveley-Smith}, Lister and {Taylor}, E.~N. and {English}, Jayanne and {Rajohnson}, S.~H.~A. and {Kraan-Korteweg}, Ren{\'e}e and {Forbes}, Duncan and {D{\'e}nes}, Helga and {Lee-Waddell}, Karen and {Shen}, Austin and {Wong}, O.~I. and {Holwerda}, Benne and {Koribalski}, B{\"a}rbel and {Leahy}, Denis and {Pi{\~n}a}, Pavel Mancera and {Yu}, Niankun},
        title = "{WALLABY pilot survey: the Tully-Fisher relation in the NGC 4808, Vela, and NGC 5044 fields}",
      journal = {\mnras},
     keywords = {Astrophysics - Astrophysics of Galaxies},
         year = 2024,
        month = sep,
       volume = {533},
       number = {1},
        pages = {925-966},
          doi = {10.1093/mnras/stae1522},
archivePrefix = {arXiv},
       eprint = {2406.10877},
 primaryClass = {astro-ph.GA},
       adsurl = {https://ui.adsabs.harvard.edu/abs/2024MNRAS.533..925M},
      adsnote = {Provided by the SAO/NASA Astrophysics Data System}
}



@ARTICLE{Bastian_2001,
       author = {{Bastian}, T.~S. and {Pick}, M. and {Kerdraon}, A. and {Maia}, D. and {Vourlidas}, A.},
        title = "{The Coronal Mass Ejection of 1998 April 20: Direct Imaging at Radio Wavelengths}",
      journal = {\apjl},
     keywords = {Sun: Corona, Sun: Flares, Sun: Magnetic Fields, Sun: Particle Emission, Sun: Radio Radiation},
         year = 2001,
        month = sep,
       volume = {558},
       number = {1},
        pages = {L65-L69},
          doi = {10.1086/323421},
       adsurl = {https://ui.adsabs.harvard.edu/abs/2001ApJ...558L..65B},
      adsnote = {Provided by the SAO/NASA Astrophysics Data System}
}



@ARTICLE{Wild_1963,
       author = {{Wild}, J.~P. and {Smerd}, S.~F. and {Weiss}, A.~A.},
        title = "{Solar Bursts}",
      journal = {\araa},
         year = 1963,
        month = jan,
       volume = {1},
        pages = {291},
          doi = {10.1146/annurev.aa.01.090163.001451},
       adsurl = {https://ui.adsabs.harvard.edu/abs/1963ARA&A...1..291W},
      adsnote = {Provided by the SAO/NASA Astrophysics Data System}
}



@ARTICLE{Kansabanik_2022,
       author = {{Kansabanik}, Devojyoti and {Oberoi}, Divya and {Mondal}, Surajit},
        title = "{Tackling the Unique Challenges of Low-frequency Solar Polarimetry with the Square Kilometre Array Low Precursor: The Algorithm}",
      journal = {\apj},
     keywords = {Calibration, Radio interferometry, Radio interferometers, Spectropolarimetry, Polarimetry, Quiet sun, Active sun, Solar coronal radio emission, Solar corona, Solar physics, The Sun, 2179, 1346, 1345, 1973, 1278, 1322, 18, 1993, 1483, 1476, 1693, Astrophysics - Solar and Stellar Astrophysics, Astrophysics - Instrumentation and Methods for Astrophysics},
         year = 2022,
        month = jun,
       volume = {932},
       number = {2},
          eid = {110},
        pages = {110},
          doi = {10.3847/1538-4357/ac6758},
archivePrefix = {arXiv},
       eprint = {2204.04578},
 primaryClass = {astro-ph.SR},
       adsurl = {https://ui.adsabs.harvard.edu/abs/2022ApJ...932..110K},
      adsnote = {Provided by the SAO/NASA Astrophysics Data System}
}



@article{ZHANG199237,
title = {Plasma observations near Neptune: Results from Voyager 2},
journal = {Advances in Space Research},
volume = {12},
number = {11},
pages = {37-46},
year = {1992},
issn = {0273-1177},
doi = {https://doi.org/10.1016/0273-1177(92)90421-S},
url = {https://www.sciencedirect.com/science/article/pii/027311779290421S},
author = {Ming Zhang and J.W. Belcher and R.L. McNutt},
}

@ARTICLE{CHIME_RepeatingFRB,
       author = {{Chime/Frb Collaboration} and {Andersen}, Bridget C. and {Bandura}, Kevin and {Bhardwaj}, Mohit and {Boyle}, P.~J. and {Brar}, Charanjot and {Cassanelli}, Tomas and {Chatterjee}, S. and {Chawla}, Pragya and {Cook}, Amanda M. and {Curtin}, Alice P. and {Dobbs}, Matt and {Dong}, Fengqiu Adam and {Faber}, Jakob T. and {Fandino}, Mateus and {Fonseca}, Emmanuel and {Gaensler}, B.~M. and {Giri}, Utkarsh and {Herrera-Martin}, Antonio and {Hill}, Alex S. and {Ibik}, Adaeze and {Josephy}, Alexander and {Kaczmarek}, Jane F. and {Kader}, Zarif and {Kaspi}, Victoria and {Landecker}, T.~L. and {Lanman}, Adam E. and {Lazda}, Mattias and {Leung}, Calvin and {Lin}, Hsiu-Hsien and {Masui}, Kiyoshi W. and {McKinven}, Ryan and {Mena-Parra}, Juan and {Meyers}, Bradley W. and {Michilli}, D. and {Ng}, Cherry and {Pandhi}, Ayush and {Pearlman}, Aaron B. and {Pen}, Ue-Li and {Petroff}, Emily and {Pleunis}, Ziggy and {Rafiei-Ravandi}, Masoud and {Rahman}, Mubdi and {Ransom}, Scott M. and {Renard}, Andre and {Sand}, Ketan R. and {Sanghavi}, Pranav and {Scholz}, Paul and {Shah}, Vishwangi and {Shin}, Kaitlyn and {Siegel}, Seth and {Smith}, Kendrick and {Stairs}, Ingrid and {Su}, Jianing and {Tendulkar}, Shriharsh P. and {Vanderlinde}, Keith and {Wang}, Haochen and {Wulf}, Dallas and {Zwaniga}, Andrew},
        title = "{CHIME/FRB Discovery of 25 Repeating Fast Radio Burst Sources}",
      journal = {\apj},
     keywords = {Radio transient sources, High energy astrophysics, 2008, 739, Astrophysics - High Energy Astrophysical Phenomena},
         year = 2023,
        month = apr,
       volume = {947},
       number = {2},
          eid = {83},
        pages = {83},
          doi = {10.3847/1538-4357/acc6c1},
archivePrefix = {arXiv},
       eprint = {2301.08762},
 primaryClass = {astro-ph.HE},
       adsurl = {https://ui.adsabs.harvard.edu/abs/2023ApJ...947...83C},
      adsnote = {Provided by the SAO/NASA Astrophysics Data System}
}



@ARTICLE{Tremblay_2024,
       author = {{Tremblay}, C.~D. and {Varghese}, S.~S. and {Hickish}, J. and {Demorest}, P.~B. and {Ng}, C. and {Siemion}, A.~P.~V. and {Czech}, D. and {Donnachie}, R.~A. and {Farah}, W. and {Gajjar}, V. and {Lebofsky}, M. and {MacMahon}, D.~H.~E. and {Myburgh}, T. and {Ruzindana}, M. and {Bright}, J.~S. and {Erickson}, A. and {Lacker}, K.},
        title = "{COSMIC: An Ethernet-based Commensal, Multimode Digital Backend on the Karl G. Jansky Very Large Array for the Search for Extraterrestrial Intelligence}",
      journal = {\aj},
     keywords = {GPU computing, Astrobiology, Search for extraterrestrial intelligence, 1969, 74, 2127, Astrophysics - Instrumentation and Methods for Astrophysics},
         year = 2024,
        month = jan,
       volume = {167},
       number = {1},
          eid = {35},
        pages = {35},
          doi = {10.3847/1538-3881/ad0fe0},
archivePrefix = {arXiv},
       eprint = {2310.09414},
 primaryClass = {astro-ph.IM},
       adsurl = {https://ui.adsabs.harvard.edu/abs/2024AJ....167...35T},
      adsnote = {Provided by the SAO/NASA Astrophysics Data System}
}

@webpage{wow,
        author = {Jerry Ehman},
        date-added = {2024-08-13 19:37:26 -0700},
        date-modified = {2024-08-13 19:41:41 -0700},
        month = {2},
        title = {The Big Ear Wow! Signal},
        url = {http://www.bigear.org/wow20th.htm},
        urldate = {2/20/2008},
        year = {2008}}


@ARTICLE{Tremblay_2022,
       author = {{Tremblay}, Chenoa D. and {Price}, Danny C. and {Tingay}, Steven J.},
        title = "{A search for technosignatures toward the Galactic Centre at 150 MHz}",
      journal = {\pasa},
     keywords = {planets and satellites: detection, radio lines: planetary systems, instrumentation:interferometers, techniques: spectroscopic, Astrophysics - Astrophysics of Galaxies},
         year = 2022,
        month = mar,
       volume = {39},
          eid = {e008},
        pages = {e008},
          doi = {10.1017/pasa.2022.5},
archivePrefix = {arXiv},
       eprint = {2202.03324},
 primaryClass = {astro-ph.GA},
       adsurl = {https://ui.adsabs.harvard.edu/abs/2022PASA...39....8T},
      adsnote = {Provided by the SAO/NASA Astrophysics Data System}
}



@ARTICLE{WL_2020,
       author = {{Wang}, Lin and {Peng}, Bo and {Stappers}, B.~W. and {Liu}, Kuo and {Keith}, M.~J. and {Lyne}, A.~G. and {Lu}, Jiguang and {Yu}, Ye-Zhao and {Kou}, Feifei and {Yan}, Jun and {Jiang}, Peng and {Jin}, Chengjin and {Li}, Di and {Li}, Qi and {Qian}, Lei and {Wang}, Qiming and {Yue}, Youling and {Zhang}, Haiyan and {Zhang}, Shuxin and {Zhu}, Yan and {FAST Collaboration}},
        title = "{Discovery and Timing of Pulsars in the Globular Cluster M13 with FAST}",
      journal = {ApJ},
     keywords = {Millisecond pulsars, Pulsar timing method, Period search, 1062, 1305, 1955, Astrophysics - High Energy Astrophysical Phenomena, Astrophysics - Astrophysics of Galaxies},
         year = 2020,
        month = mar,
       volume = {892},
       number = {1},
          eid = {43},
        pages = {43},
          doi = {10.3847/1538-4357/ab76cc},
archivePrefix = {arXiv},
       eprint = {2002.05938},
 primaryClass = {astro-ph.HE},
       adsurl = {https://ui.adsabs.harvard.edu/abs/2020ApJ...892...43W},
      adsnote = {Provided by the SAO/NASA Astrophysics Data System}
}

@ARTICLE{BC_2020,
       author = {{Bochenek}, C.~D. and {Ravi}, V. and {Belov}, K.~V. and {Hallinan}, G. and {Kocz}, J. and {Kulkarni}, S.~R. and {McKenna}, D.~L.},
        title = "{A fast radio burst associated with a Galactic magnetar}",
      journal = {NAT},
     keywords = {Astrophysics - High Energy Astrophysical Phenomena},
         year = 2020,
        month = nov,
       volume = {587},
       number = {7832},
        pages = {59-62},
          doi = {10.1038/s41586-020-2872-x},
archivePrefix = {arXiv},
       eprint = {2005.10828},
 primaryClass = {astro-ph.HE},
       adsurl = {https://ui.adsabs.harvard.edu/abs/2020Natur.587...59B},
      adsnote = {Provided by the SAO/NASA Astrophysics Data System}
}

@ARTICLE{SD_2023,
       author = {{Scott}, D.~R. and {Cho}, H. and {Day}, C.~K. and {Deller}, A.~T. and {Glowacki}, M. and {Gourdji}, K. and {Bannister}, K.~W. and {Bera}, A. and {Bhandari}, S. and {James}, C.~W. and {Shannon}, R.~M.},
        title = "{CELEBI: The CRAFT Effortless Localisation and Enhanced Burst Inspection pipeline}",
      journal = {Astronomy and Computing},
     keywords = {Fast radio bursts, Radio interferometry, Astronomy software, Astrophysics - Instrumentation and Methods for Astrophysics, Astrophysics - High Energy Astrophysical Phenomena},
         year = 2023,
        month = jul,
       volume = {44},
          eid = {100724},
        pages = {100724},
          doi = {10.1016/j.ascom.2023.100724},
archivePrefix = {arXiv},
       eprint = {2301.13484},
 primaryClass = {astro-ph.IM},
       adsurl = {https://ui.adsabs.harvard.edu/abs/2023A&C....4400724S},
      adsnote = {Provided by the SAO/NASA Astrophysics Data System}
}

@ARTICLE{ZX_2023,
       author = {{Zhang}, X.~X. and {Duan}, R. and {Gajjar}, V. and {Zhang}, H.~Y. and {Wang}, P. and {Niu}, C.~H. and {Werthimer}, D. and {Cobb}, J. and {Li}, S.~Y. and {Pei}, X. and {Zhu}, Y. and {Li}, D.},
        title = "{An Overview of FAST Real-time Fast Radio Burst Searching System}",
      journal = {RAA},
     keywords = {Astronomical Instrumentation, Methods and Techniques, instrumentation: spectrographs, methods: miscellaneous},
         year = 2023,
        month = sep,
       volume = {23},
       number = {9},
          eid = {095023},
        pages = {095023},
          doi = {10.1088/1674-4527/ace518},
       adsurl = {https://ui.adsabs.harvard.edu/abs/2023RAA....23i5023Z},
      adsnote = {Provided by the SAO/NASA Astrophysics Data System}
}


@ARTICLE{SM_2023,
       author = {{Sherman}, Myles B. and {Connor}, Liam and {Ravi}, Vikram and {Law}, Casey and {Chen}, Ge and {Catha}, Morgan and {Faber}, Jakob T. and {Hallinan}, Gregg and {Harnach}, Charlie and {Hellbourg}, Greg and {Hobbs}, Rick and {Hodge}, David and {Hodges}, Mark and {Lamb}, James W. and {Rasmussen}, Paul and {Sharma}, Kritti and {Shi}, Jun and {Simard}, Dana and {Somalwar}, Jean and {Squillace}, Reynier and {Weinreb}, Sander and {Woody}, David P. and {Yadlapalli}, Nitika},
        title = "{Deep Synoptic Array Science: Polarimetry of 25 New Fast Radio Bursts Provides Insights into their Origins}",
      journal = {arXiv e-prints},
     keywords = {Astrophysics - High Energy Astrophysical Phenomena},
         year = 2023,
        month = aug,
          eid = {arXiv:2308.06813},
        pages = {arXiv:2308.06813},
          doi = {10.48550/arXiv.2308.06813},
archivePrefix = {arXiv},
       eprint = {2308.06813},
 primaryClass = {astro-ph.HE},
       adsurl = {https://ui.adsabs.harvard.edu/abs/2023arXiv230806813S},
      adsnote = {Provided by the SAO/NASA Astrophysics Data System}
}

@ARTICLE{LC_2023,
       author = {{Law}, C.~J. and {Sharma}, K. and {Ravi}, V. and {Chen}, G. and {Catha}, M. and {Connor}, L. and {Faber}, J.~T. and {Hallinan}, G. and {Harnach}, C. and {Hellbourg}, G. and {Hobbs}, R. and {Hodge}, D. and {Hodges}, M. and {Lamb}, J.~W. and {Rasmussen}, P. and {Sherman}, M.~B. and {Shi}, J. and {Simard}, D. and {Squillace}, R. and {Weinreb}, S. and {Woody}, D.~P. and {Yadlapalli}, N.},
        title = "{Deep Synoptic Array Science: First FRB and Host Galaxy Catalog}",
      journal = {arXiv e-prints},
     keywords = {Astrophysics - High Energy Astrophysical Phenomena, Astrophysics - Astrophysics of Galaxies},
         year = 2023,
        month = jul,
          eid = {arXiv:2307.03344},
        pages = {arXiv:2307.03344},
          doi = {10.48550/arXiv.2307.03344},
archivePrefix = {arXiv},
       eprint = {2307.03344},
 primaryClass = {astro-ph.HE},
       adsurl = {https://ui.adsabs.harvard.edu/abs/2023arXiv230703344L},
      adsnote = {Provided by the SAO/NASA Astrophysics Data System}
}

@ARTICLE{Salas_2018,
       author = {{Salas}, P. and {Oonk}, J.~B.~R. and {van Weeren}, R.~J. and {Wolfire}, M.~G. and {Emig}, K.~L. and {Toribio}, M.~C. and {R{\"o}ttgering}, H.~J.~A. and {Tielens}, A.~G.~G.~M.},
        title = "{Mapping low-frequency carbon radio recombination lines towards Cassiopeia A at 340, 148, 54, and 43 MHz}",
      journal = {\mnras},
     keywords = {ISM: clouds, ISM: individual objects: Cassiopeia A, radio lines: ISM, Astrophysics - Astrophysics of Galaxies},
         year = 2018,
        month = apr,
       volume = {475},
       number = {2},
        pages = {2496-2511},
          doi = {10.1093/mnras/stx3340},
archivePrefix = {arXiv},
       eprint = {1801.05298},
 primaryClass = {astro-ph.GA},
       adsurl = {https://ui.adsabs.harvard.edu/abs/2018MNRAS.475.2496S},
      adsnote = {Provided by the SAO/NASA Astrophysics Data System}
}



@ARTICLE{Tremblay_2018,
       author = {{Tremblay}, Chenoa D. and {Jordan}, Christopher H. and {Cunningham}, Maria and {Jones}, Paul A. and {Hurley-Walker}, Natasha},
        title = "{Low-Frequency Carbon Recombination Lines in the Orion Molecular Cloud Complex}",
      journal = {\pasa},
     keywords = {astrochemistry, atomic data, atomic processes, ISM: atoms, ISM: H ii regions, Astrophysics - Astrophysics of Galaxies},
         year = 2018,
        month = may,
       volume = {35},
          eid = {e018},
        pages = {e018},
          doi = {10.1017/pasa.2018.13},
archivePrefix = {arXiv},
       eprint = {1803.08199},
 primaryClass = {astro-ph.GA},
       adsurl = {https://ui.adsabs.harvard.edu/abs/2018PASA...35...18T},
      adsnote = {Provided by the SAO/NASA Astrophysics Data System}
}



@ARTICLE{Salas_2019,
       author = {{Salas}, P. and {Oonk}, J.~B.~R. and {Emig}, K.~L. and {Pabst}, C. and {Toribio}, M.~C. and {R{\"o}ttgering}, H.~J.~A. and {Tielens}, A.~G.~G.~M.},
        title = "{Carbon radio recombination lines from gigahertz to megahertz frequencies towards Orion A}",
      journal = {\aap},
     keywords = {photon-dominated region, ISM: clouds, ISM: individual objects: Orion A, radio lines: ISM, Astrophysics - Astrophysics of Galaxies},
         year = 2019,
        month = jun,
       volume = {626},
          eid = {A70},
        pages = {A70},
          doi = {10.1051/0004-6361/201834532},
archivePrefix = {arXiv},
       eprint = {1905.02799},
 primaryClass = {astro-ph.GA},
       adsurl = {https://ui.adsabs.harvard.edu/abs/2019A&A...626A..70S},
      adsnote = {Provided by the SAO/NASA Astrophysics Data System}
}



@ARTICLE{Kantharia_2001,
       author = {{Kantharia}, N.~G. and {Anantharamaiah}, K.~R.},
        title = "{Carbon recombination lines from the Galactic plane at 34.5 \& 328 MHz}",
      journal = {Journal of Astrophysics and Astronomy},
     keywords = {Interstellar medium: clouds, lines, line profiles, radio lines, Astrophysics},
         year = 2001,
        month = mar,
       volume = {22},
       number = {1},
        pages = {51-80},
          doi = {10.1007/BF02933590},
archivePrefix = {arXiv},
       eprint = {astro-ph/0104364},
 primaryClass = {astro-ph},
       adsurl = {https://ui.adsabs.harvard.edu/abs/2001JApA...22...51K},
      adsnote = {Provided by the SAO/NASA Astrophysics Data System}
}



@ARTICLE{Dickey_1990,
       author = {{Dickey}, John M. and {Lockman}, Felix J.},
        title = "{H I in the galaxy.}",
      journal = {\araa},
     keywords = {H I Regions, Milky Way Galaxy, Absorption Spectra, Lyman Alpha Radiation, Molecular Clouds, Radio Emission, Ultraviolet Astronomy, Very Long Base Interferometry, Astrophysics},
         year = 1990,
        month = jan,
       volume = {28},
        pages = {215-261},
          doi = {10.1146/annurev.aa.28.090190.001243},
       adsurl = {https://ui.adsabs.harvard.edu/abs/1990ARA&A..28..215D},
      adsnote = {Provided by the SAO/NASA Astrophysics Data System}
}



@ARTICLE{Stappers_2011,
       author = {{Stappers}, B.~W. and {Hessels}, J.~W.~T. and {Alexov}, A. and {Anderson}, K. and {Coenen}, T. and {Hassall}, T. and {Karastergiou}, A. and {Kondratiev}, V.~I. and {Kramer}, M. and {van Leeuwen}, J. and {Mol}, J.~D. and {Noutsos}, A. and {Romein}, J.~W. and {Weltevrede}, P. and {Fender}, R. and {Wijers}, R.~A.~M.~J. and {B{\"a}hren}, L. and {Bell}, M.~E. and {Broderick}, J. and {Daw}, E.~J. and {Dhillon}, V.~S. and {Eisl{\"o}ffel}, J. and {Falcke}, H. and {Griessmeier}, J. and {Law}, C. and {Markoff}, S. and {Miller-Jones}, J.~C.~A. and {Scheers}, B. and {Spreeuw}, H. and {Swinbank}, J. and {Ter Veen}, S. and {Wise}, M.~W. and {Wucknitz}, O. and {Zarka}, P. and {Anderson}, J. and {Asgekar}, A. and {Avruch}, I.~M. and {Beck}, R. and {Bennema}, P. and {Bentum}, M.~J. and {Best}, P. and {Bregman}, J. and {Brentjens}, M. and {van de Brink}, R.~H. and {Broekema}, P.~C. and {Brouw}, W.~N. and {Br{\"u}ggen}, M. and {de Bruyn}, A.~G. and {Butcher}, H.~R. and {Ciardi}, B. and {Conway}, J. and {Dettmar}, R. -J. and {van Duin}, A. and {van Enst}, J. and {Garrett}, M. and {Gerbers}, M. and {Grit}, T. and {Gunst}, A. and {van Haarlem}, M.~P. and {Hamaker}, J.~P. and {Heald}, G. and {Hoeft}, M. and {Holties}, H. and {Horneffer}, A. and {Koopmans}, L.~V.~E. and {Kuper}, G. and {Loose}, M. and {Maat}, P. and {McKay-Bukowski}, D. and {McKean}, J.~P. and {Miley}, G. and {Morganti}, R. and {Nijboer}, R. and {Noordam}, J.~E. and {Norden}, M. and {Olofsson}, H. and {Pandey-Pommier}, M. and {Polatidis}, A. and {Reich}, W. and {R{\"o}ttgering}, H. and {Schoenmakers}, A. and {Sluman}, J. and {Smirnov}, O. and {Steinmetz}, M. and {Sterks}, C.~G.~M. and {Tagger}, M. and {Tang}, Y. and {Vermeulen}, R. and {Vermaas}, N. and {Vogt}, C. and {de Vos}, M. and {Wijnholds}, S.~J. and {Yatawatta}, S. and {Zensus}, A.},
        title = "{Observing pulsars and fast transients with LOFAR}",
      journal = {\aap},
     keywords = {telescopes, pulsars: general, instrumentation: interferometers, methods: observational, stars: neutron, ISM: general, Astrophysics - Instrumentation and Methods for Astrophysics, Astrophysics - Solar and Stellar Astrophysics},
         year = 2011,
        month = jun,
       volume = {530},
          eid = {A80},
        pages = {A80},
          doi = {10.1051/0004-6361/201116681},
archivePrefix = {arXiv},
       eprint = {1104.1577},
 primaryClass = {astro-ph.IM},
       adsurl = {https://ui.adsabs.harvard.edu/abs/2011A&A...530A..80S},
      adsnote = {Provided by the SAO/NASA Astrophysics Data System}
}



@ARTICLE{LW_2013,
       author = {{Lewandowski}, Wojciech and {Dembska}, Marta and {Kijak}, Jaroslaw and {Kowali{\'n}ska}, Magdalena},
        title = "{Pulse broadening analysis for several new pulsars and anomalous scattering}",
      journal = {MNRAS},
     keywords = {scattering, stars: general, pulsars: general, Astrophysics - High Energy Astrophysical Phenomena, Astrophysics - Astrophysics of Galaxies, Astrophysics - Instrumentation and Methods for Astrophysics},
         year = 2013,
        month = sep,
       volume = {434},
       number = {1},
        pages = {69-83},
          doi = {10.1093/mnras/stt989},
archivePrefix = {arXiv},
       eprint = {1306.0738},
 primaryClass = {astro-ph.HE},
       adsurl = {https://ui.adsabs.harvard.edu/abs/2013MNRAS.434...69L},
      adsnote = {Provided by the SAO/NASA Astrophysics Data System}
}

@ARTICLE{Enriquez_2017,
       author = {{Enriquez}, J. Emilio and {Siemion}, Andrew and {Foster}, Griffin and {Gajjar}, Vishal and {Hellbourg}, Greg and {Hickish}, Jack and {Isaacson}, Howard and {Price}, Danny C. and {Croft}, Steve and {DeBoer}, David and {Lebofsky}, Matt and {MacMahon}, David H.~E. and {Werthimer}, Dan},
        title = "{The Breakthrough Listen Search for Intelligent Life: 1.1-1.9 GHz Observations of 692 Nearby Stars}",
      journal = {\apj},
     keywords = {astrobiology, extraterrestrial intelligence, Astrophysics - Earth and Planetary Astrophysics},
         year = 2017,
        month = nov,
       volume = {849},
       number = {2},
          eid = {104},
        pages = {104},
          doi = {10.3847/1538-4357/aa8d1b},
archivePrefix = {arXiv},
       eprint = {1709.03491},
 primaryClass = {astro-ph.EP},
       adsurl = {https://ui.adsabs.harvard.edu/abs/2017ApJ...849..104E},
      adsnote = {Provided by the SAO/NASA Astrophysics Data System}
}

@ARTICLE{2021A&A...649A...6G,
       author = {{Gaia Collaboration} and {Smart}, R.~L. and {Sarro}, L.~M. and {Rybizki}, J. and {Reyl{\'e}}, C. and {Robin}, A.~C. and {Hambly}, N.~C. and {Abbas}, U. and {Barstow}, M.~A. and {de Bruijne}, J.~H.~J. and {Bucciarelli}, B. and {Carrasco}, J.~M. and {Cooper}, W.~J. and {Hodgkin}, S.~T. and {Masana}, E. and {Michalik}, D. and {Sahlmann}, J. and {Sozzetti}, A. and {Brown}, A.~G.~A. and {Vallenari}, A. and {Prusti}, T. and {Babusiaux}, C. and {Biermann}, M. and {Creevey}, O.~L. and {Evans}, D.~W. and {Eyer}, L. and {Hutton}, A. and {Jansen}, F. and {Jordi}, C. and {Klioner}, S.~A. and {Lammers}, U. and {Lindegren}, L. and {Luri}, X. and {Mignard}, F. and {Panem}, C. and {Pourbaix}, D. and {Randich}, S. and {Sartoretti}, P. and {Soubiran}, C. and {Walton}, N.~A. and {Arenou}, F. and {Bailer-Jones}, C.~A.~L. and {Bastian}, U. and {Cropper}, M. and {Drimmel}, R. and {Katz}, D. and {Lattanzi}, M.~G. and {van Leeuwen}, F. and {Bakker}, J. and {Casta{\~n}eda}, J. and {De Angeli}, F. and {Ducourant}, C. and {Fabricius}, C. and {Fouesneau}, M. and {Fr{\'e}mat}, Y. and {Guerra}, R. and {Guerrier}, A. and {Guiraud}, J. and {Jean-Antoine Piccolo}, A. and {Messineo}, R. and {Mowlavi}, N. and {Nicolas}, C. and {Nienartowicz}, K. and {Pailler}, F. and {Panuzzo}, P. and {Riclet}, F. and {Roux}, W. and {Seabroke}, G.~M. and {Sordo}, R. and {Tanga}, P. and {Th{\'e}venin}, F. and {Gracia-Abril}, G. and {Portell}, J. and {Teyssier}, D. and {Altmann}, M. and {Andrae}, R. and {Bellas-Velidis}, I. and {Benson}, K. and {Berthier}, J. and {Blomme}, R. and {Brugaletta}, E. and {Burgess}, P.~W. and {Busso}, G. and {Carry}, B. and {Cellino}, A. and {Cheek}, N. and {Clementini}, G. and {Damerdji}, Y. and {Davidson}, M. and {Delchambre}, L. and {Dell'Oro}, A. and {Fern{\'a}ndez-Hern{\'a}ndez}, J. and {Galluccio}, L. and {Garc{\'\i}a-Lario}, P. and {Garcia-Reinaldos}, M. and {Gonz{\'a}lez-N{\'u}{\~n}ez}, J. and {Gosset}, E. and {Haigron}, R. and {Halbwachs}, J. -L. and {Harrison}, D.~L. and {Hatzidimitriou}, D. and {Heiter}, U. and {Hern{\'a}ndez}, J. and {Hestroffer}, D. and {Holl}, B. and {Jan{\ss}en}, K. and {Jevardat de Fombelle}, G. and {Jordan}, S. and {Krone-Martins}, A. and {Lanzafame}, A.~C. and {L{\"o}ffler}, W. and {Lorca}, A. and {Manteiga}, M. and {Marchal}, O. and {Marrese}, P.~M. and {Moitinho}, A. and {Mora}, A. and {Muinonen}, K. and {Osborne}, P. and {Pancino}, E. and {Pauwels}, T. and {Recio-Blanco}, A. and {Richards}, P.~J. and {Riello}, M. and {Rimoldini}, L. and {Roegiers}, T. and {Siopis}, C. and {Smith}, M. and {Ulla}, A. and {Utrilla}, E. and {van Leeuwen}, M. and {van Reeven}, W. and {Abreu Aramburu}, A. and {Accart}, S. and {Aerts}, C. and {Aguado}, J.~J. and {Ajaj}, M. and {Altavilla}, G. and {{\'A}lvarez}, M.~A. and {{\'A}lvarez Cid-Fuentes}, J. and {Alves}, J. and {Anderson}, R.~I. and {Anglada Varela}, E. and {Antoja}, T. and {Audard}, M. and {Baines}, D. and {Baker}, S.~G. and {Balaguer-N{\'u}{\~n}ez}, L. and {Balbinot}, E. and {Balog}, Z. and {Barache}, C. and {Barbato}, D. and {Barros}, M. and {Bartolom{\'e}}, S. and {Bassilana}, J. -L. and {Bauchet}, N. and {Baudesson-Stella}, A. and {Becciani}, U. and {Bellazzini}, M. and {Bernet}, M. and {Bertone}, S. and {Bianchi}, L. and {Blanco-Cuaresma}, S. and {Boch}, T. and {Bombrun}, A. and {Bossini}, D. and {Bouquillon}, S. and {Bragaglia}, A. and {Bramante}, L. and {Breedt}, E. and {Bressan}, A. and {Brouillet}, N. and {Burlacu}, A. and {Busonero}, D. and {Butkevich}, A.~G. and {Buzzi}, R. and {Caffau}, E. and {Cancelliere}, R. and {C{\'a}novas}, H. and {Cantat-Gaudin}, T. and {Carballo}, R. and {Carlucci}, T. and {Carnerero}, M.~I. and {Casamiquela}, L. and {Castellani}, M. and {Castro-Ginard}, A. and {Castro Sampol}, P. and {Chaoul}, L. and {Charlot}, P. and {Chemin}, L. and {Chiavassa}, A. and {Cioni}, M. -R.~L. and {Comoretto}, G. and {Cornez}, T. and {Cowell}, S. and {Crifo}, F. and {Crosta}, M. and {Crowley}, C. and {Dafonte}, C. and {Dapergolas}, A. and {David}, M. and {David}, P. and {de Laverny}, P. and {De Luise}, F. and {De March}, R. and {De Ridder}, J. and {de Souza}, R. and {de Teodoro}, P. and {de Torres}, A. and {del Peloso}, E.~F. and {del Pozo}, E. and {Delgado}, A. and {Delgado}, H.~E. and {Delisle}, J. -B. and {Di Matteo}, P. and {Diakite}, S. and {Diener}, C. and {Distefano}, E. and {Dolding}, C. and {Eappachen}, D. and {Edvardsson}, B. and {Enke}, H. and {Esquej}, P. and {Fabre}, C. and {Fabrizio}, M. and {Faigler}, S. and {Fedorets}, G. and {Fernique}, P. and {Fienga}, A. and {Figueras}, F. and {Fouron}, C. and {Fragkoudi}, F. and {Fraile}, E. and {Franke}, F. and {Gai}, M. and {Garabato}, D. and {Garcia-Gutierrez}, A. and {Garc{\'\i}a-Torres}, M. and {Garofalo}, A. and {Gavras}, P. and {Gerlach}, E. and {Geyer}, R. and {Giacobbe}, P. and {Gilmore}, G. and {Girona}, S. and {Giuffrida}, G. and {Gomel}, R. and {Gomez}, A. and {Gonzalez-Santamaria}, I. and {Gonz{\'a}lez-Vidal}, J.~J. and {Granvik}, M. and {Guti{\'e}rrez-S{\'a}nchez}, R. and {Guy}, L.~P. and {Hauser}, M. and {Haywood}, M. and {Helmi}, A. and {Hidalgo}, S.~L. and {Hilger}, T. and {H{\l}adczuk}, N. and {Hobbs}, D. and {Holland}, G. and {Huckle}, H.~E. and {Jasniewicz}, G. and {Jonker}, P.~G. and {Juaristi Campillo}, J. and {Julbe}, F. and {Karbevska}, L. and {Kervella}, P. and {Khanna}, S. and {Kochoska}, A. and {Kontizas}, M. and {Kordopatis}, G. and {Korn}, A.~J. and {Kostrzewa-Rutkowska}, Z. and {Kruszy{\'n}ska}, K. and {Lambert}, S. and {Lanza}, A.~F. and {Lasne}, Y. and {Le Campion}, J. -F. and {Le Fustec}, Y. and {Lebreton}, Y. and {Lebzelter}, T. and {Leccia}, S. and {Leclerc}, N. and {Lecoeur-Taibi}, I. and {Liao}, S. and {Licata}, E. and {Lindstr{\o}m}, H.~E.~P. and {Lister}, T.~A. and {Livanou}, E. and {Lobel}, A. and {Madrero Pardo}, P. and {Managau}, S. and {Mann}, R.~G. and {Marchant}, J.~M. and {Marconi}, M. and {Marcos Santos}, M.~M.~S. and {Marinoni}, S. and {Marocco}, F. and {Marshall}, D.~J. and {Martin Polo}, L. and {Mart{\'\i}n-Fleitas}, J.~M. and {Masip}, A. and {Massari}, D. and {Mastrobuono-Battisti}, A. and {Mazeh}, T. and {McMillan}, P.~J. and {Messina}, S. and {Millar}, N.~R. and {Mints}, A. and {Molina}, D. and {Molinaro}, R. and {Moln{\'a}r}, L. and {Montegriffo}, P. and {Mor}, R. and {Morbidelli}, R. and {Morel}, T. and {Morris}, D. and {Mulone}, A.~F. and {Munoz}, D. and {Muraveva}, T. and {Murphy}, C.~P. and {Musella}, I. and {Noval}, L. and {Ord{\'e}novic}, C. and {Orr{\`u}}, G. and {Osinde}, J. and {Pagani}, C. and {Pagano}, I. and {Palaversa}, L. and {Palicio}, P.~A. and {Panahi}, A. and {Pawlak}, M. and {Pe{\~n}alosa Esteller}, X. and {Penttil{\"a}}, A. and {Piersimoni}, A.~M. and {Pineau}, F. -X. and {Plachy}, E. and {Plum}, G. and {Poggio}, E. and {Poretti}, E. and {Poujoulet}, E. and {Pr{\v{s}}a}, A. and {Pulone}, L. and {Racero}, E. and {Ragaini}, S. and {Rainer}, M. and {Raiteri}, C.~M. and {Rambaux}, N. and {Ramos}, P. and {Ramos-Lerate}, M. and {Re Fiorentin}, P. and {Regibo}, S. and {Ripepi}, V. and {Riva}, A. and {Rixon}, G. and {Robichon}, N. and {Robin}, C. and {Roelens}, M. and {Rohrbasser}, L. and {Romero-G{\'o}mez}, M. and {Rowell}, N. and {Royer}, F. and {Rybicki}, K.~A. and {Sadowski}, G. and {Sagrist{\`a} Sell{\'e}s}, A. and {Salgado}, J. and {Salguero}, E. and {Samaras}, N. and {Sanchez Gimenez}, V. and {Sanna}, N. and {Santove{\~n}a}, R. and {Sarasso}, M. and {Schultheis}, M. and {Sciacca}, E. and {Segol}, M. and {Segovia}, J.~C. and {S{\'e}gransan}, D. and {Semeux}, D. and {Shahaf}, S. and {Siddiqui}, H.~I. and {Siebert}, A. and {Siltala}, L. and {Slezak}, E. and {Solano}, E. and {Solitro}, F. and {Souami}, D. and {Souchay}, J. and {Spagna}, A. and {Spoto}, F. and {Steele}, I.~A. and {Steidelm{\"u}ller}, H. and {Stephenson}, C.~A. and {S{\"u}veges}, M. and {Szabados}, L. and {Szegedi-Elek}, E. and {Taris}, F. and {Tauran}, G. and {Taylor}, M.~B. and {Teixeira}, R. and {Thuillot}, W. and {Tonello}, N. and {Torra}, F. and {Torra}, J. and {Turon}, C. and {Unger}, N. and {Vaillant}, M. and {van Dillen}, E. and {Vanel}, O. and {Vecchiato}, A. and {Viala}, Y. and {Vicente}, D. and {Voutsinas}, S. and {Weiler}, M. and {Wevers}, T. and {Wyrzykowski}, {\L}. and {Yoldas}, A. and {Yvard}, P. and {Zhao}, H. and {Zorec}, J. and {Zucker}, S. and {Zurbach}, C. and {Zwitter}, T.},
        title = "{Gaia Early Data Release 3. The Gaia Catalogue of Nearby Stars}",
      journal = {\aap},
     keywords = {catalogs, astrometry, stars: luminosity function, mass function, Hertzsprung-Russell and C-M diagrams, stars: low-mass, solar neighborhood, Astrophysics - Solar and Stellar Astrophysics, Astrophysics - Astrophysics of Galaxies},
         year = 2021,
        month = may,
       volume = {649},
          eid = {A6},
        pages = {A6},
          doi = {10.1051/0004-6361/202039498},
archivePrefix = {arXiv},
       eprint = {2012.02061},
 primaryClass = {astro-ph.SR},
       adsurl = {https://ui.adsabs.harvard.edu/abs/2021A&A...649A...6G},
      adsnote = {Provided by the SAO/NASA Astrophysics Data System}
}


         
         
@ARTICLE{2017PASP..129e4501I,
       author = {{Isaacson}, Howard and {Siemion}, Andrew P.~V. and {Marcy}, Geoffrey W. and {Lebofsky}, Matt and {Price}, Danny C. and {MacMahon}, David and {Croft}, Steve and {DeBoer}, David and {Hickish}, Jack and {Werthimer}, Dan and {Sheikh}, Sofia and {Hellbourg}, Greg and {Enriquez}, J. Emilio},
        title = "{The Breakthrough Listen Search for Intelligent Life: Target Selection of Nearby Stars and Galaxies}",
      journal = {\pasp},
     keywords = {Astrophysics - Instrumentation and Methods for Astrophysics},
         year = 2017,
        month = may,
       volume = {129},
       number = {975},
        pages = {054501},
          doi = {10.1088/1538-3873/aa5800},
archivePrefix = {arXiv},
       eprint = {1701.06227},
 primaryClass = {astro-ph.IM},
       adsurl = {https://ui.adsabs.harvard.edu/abs/2017PASP..129e4501I},
      adsnote = {Provided by the SAO/NASA Astrophysics Data System}
}



@ARTICLE{Gajjar_2021,
       author = {{Gajjar}, Vishal and {Perez}, Karen I. and {Siemion}, Andrew P.~V. and {Foster}, Griffin and {Brzycki}, Bryan and {Chatterjee}, Shami and {Chen}, Yuhong and {Cordes}, James M. and {Croft}, Steve and {Czech}, Daniel and {DeBoer}, David and {DeMarines}, Julia and {Drew}, Jamie and {Gowanlock}, Michael and {Isaacson}, Howard and {Lacki}, Brian C. and {Lebofsky}, Matt and {MacMahon}, David H.~E. and {Morrison}, Ian S. and {Ng}, Cherry and {de Pater}, Imke and {Price}, Danny C. and {Sheikh}, Sofia Z. and {Suresh}, Akshay and {Webb}, Claire and {Pete Worden}, S.},
        title = "{The Breakthrough Listen Search For Intelligent Life Near the Galactic Center. I.}",
      journal = {\aj},
     keywords = {Technosignatures, Galactic center, Magnetars, Neutron stars, Radio transient sources, Search for extraterrestrial intelligence, 2128, 565, 992, 1108, 2008, 2127, Astrophysics - High Energy Astrophysical Phenomena, Astrophysics - Astrophysics of Galaxies},
         year = 2021,
        month = jul,
       volume = {162},
       number = {1},
          eid = {33},
        pages = {33},
          doi = {10.3847/1538-3881/abfd36},
archivePrefix = {arXiv},
       eprint = {2104.14148},
 primaryClass = {astro-ph.HE},
       adsurl = {https://ui.adsabs.harvard.edu/abs/2021AJ....162...33G},
      adsnote = {Provided by the SAO/NASA Astrophysics Data System}
}



@ARTICLE{Price_2020,
       author = {{Price}, Danny C. and {Enriquez}, J. Emilio and {Brzycki}, Bryan and {Croft}, Steve and {Czech}, Daniel and {DeBoer}, David and {DeMarines}, Julia and {Foster}, Griffin and {Gajjar}, Vishal and {Gizani}, Nectaria and {Hellbourg}, Greg and {Isaacson}, Howard and {Lacki}, Brian and {Lebofsky}, Matt and {MacMahon}, David H.~E. and {Pater}, Imke de and {Siemion}, Andrew P.~V. and {Werthimer}, Dan and {Green}, James A. and {Kaczmarek}, Jane F. and {Maddalena}, Ronald J. and {Mader}, Stacy and {Drew}, Jamie and {Worden}, S. Pete},
        title = "{The Breakthrough Listen Search for Intelligent Life: Observations of 1327 Nearby Stars Over 1.10-3.45 GHz}",
      journal = {\aj},
     keywords = {Astrobiology, Technosignatures, Search for extraterrestrial intelligence, 74, 2128, 2127, Astrophysics - Earth and Planetary Astrophysics, Astrophysics - Instrumentation and Methods for Astrophysics},
         year = 2020,
        month = mar,
       volume = {159},
       number = {3},
          eid = {86},
        pages = {86},
          doi = {10.3847/1538-3881/ab65f1},
archivePrefix = {arXiv},
       eprint = {1906.07750},
 primaryClass = {astro-ph.EP},
       adsurl = {https://ui.adsabs.harvard.edu/abs/2020AJ....159...86P},
      adsnote = {Provided by the SAO/NASA Astrophysics Data System}
}



@article{MACCONE2019233,
title = {Moon Farside Protection, Moon Village and PAC (Protected Antipode Circle)},
journal = {Acta Astronautica},
volume = {154},
pages = {233-237},
year = {2019},
issn = {0094-5765},
doi = {https://doi.org/10.1016/j.actaastro.2018.02.012},
url = {https://www.sciencedirect.com/science/article/pii/S0094576517316478},
author = {Claudio Maccone},
keywords = {Moon farside, Protected antipode circle, Crater daedalus, Moon village, Legal issues},
abstract = {The Moon Farside is the only place in space, and not too far from the Earth, where radio transmissions and noises produced by Humanity on Earth may not reach since the spherical body of the Moon blocks them, acting like a shield. Thus, protecting the Moon Farside from all kinds of non-scientific future exploitations (e.g. real estate, tourism and military) has long been a concern for many far-sighted space scientists as well as for several IAA Academicians. We started facing this problem in the 1990s, when the French radio astronomer Jean Heidmann of the Paris Meudon Observatory first promoted an IAA Cosmic Study about which areas of the Moon Farside should be reserved for scientific uses only. But Heidmann passed away on July 3rd, 2000, and his work had to be continued by others. This author took over his IAA Cosmic study and a paper describing both the scientific and legal aspects of the problem was published in 2008 (see Ref. [1]), Later, on June 10, 2010, this author was the first scientist to present the case for the Moon Farside Protection at the United Nations Office of Outer Space Affairs in Vienna (see Ref. [2]) during a meeting of UN-COPUOS, the United Nations Committee on the Peaceful Uses of Outer Space. Unfortunately, the undeclared but quite real “current, new race to the Moon” complicates matters terribly. All the space–faring nations now keep their eyes on the Moon, and only the United Nations might have a sufficient authority to Protect the Farside and keep safe its unique “radio-noise free” environment. But time is money, and the “Moon Settlers” may well reach the Moon before the United Nations come to agree about any official decision concerning the Farside Protection. Quite an URGENT ISSUE. In this paper, we firstly define the PAC (= Protected Antipode Circle), i.e. a circular piece of land on the Farside having its center at the Antipode of the Earth and tangent to the +30° and -30° parallels. This turns out measuring about 1820 km in diameter on the surface of the Moon Farside. Then we propose that the new “Moon Village”, supported by the vision of the ESA Director General, Jan Woerner, be located OUTSIDE the PAC (obviously not to interfere with the detection of radiation coming from space) and also SOUTH OF THE PAC, to be “close” to the South Pole as much as needed in order to benefit of frozen water there. It thus appears that the best venue for the “Moon Village” would be on or around the 180° meridian and possibly quite close to the South Pole.}
}

@misc{michaud2020lunar,
      title={Lunar Opportunities for SETI}, 
      author={Eric J. Michaud and Andrew P. V. Siemion and Jamie Drew and S. Pete Worden},
      year={2020},
      eprint={2009.12689},
      archivePrefix={arXiv},
      primaryClass={astro-ph.IM}
}

@ARTICLE{heidmann2002,
       author = {{Heidmann}, J.},
        title = {A New IAA Cosmic Study: Establishing a Radio Observatory on the Moon Farside},
      journal = {Acta Astronautica},
         year = 2002,
        month = jan,
       volume = {50},
       number = {1},
        pages = {59-63},
          doi = {10.1016/S0094-5765(01)00139-4},
       adsurl = {https://ui.adsabs.harvard.edu/abs/2002AcAau..50...59H},
      adsnote = {Provided by the SAO/NASA Astrophysics Data System}
}

@ARTICLE{chime2020sgr1935,
       author = {{CHIME/FRB Collaboration} and {Andersen}, B.~C. and {Bandura}, K.~M. and {Bhardwaj}, M. and {Bij}, A. and {Boyce}, M.~M. and {Boyle}, P.~J. and {Brar}, C. and {Cassanelli}, T. and {Chawla}, P. and {Chen}, T. and {Cliche}, J. -F. and {Cook}, A. and {Cubranic}, D. and {Curtin}, A.~P. and {Denman}, N.~T. and {Dobbs}, M. and {Dong}, F.~Q. and {Fandino}, M. and {Fonseca}, E. and {Gaensler}, B.~M. and {Giri}, U. and {Good}, D.~C. and {Halpern}, M. and {Hill}, A.~S. and {Hinshaw}, G.~F. and {H{\"o}fer}, C. and {Josephy}, A. and {Kania}, J.~W. and {Kaspi}, V.~M. and {Landecker}, T.~L. and {Leung}, C. and {Li}, D.~Z. and {Lin}, H. -H. and {Masui}, K.~W. and {McKinven}, R. and {Mena-Parra}, J. and {Merryfield}, M. and {Meyers}, B.~W. and {Michilli}, D. and {Milutinovic}, N. and {Mirhosseini}, A. and {M{\"u}nchmeyer}, M. and {Naidu}, A. and {Newburgh}, L.~B. and {Ng}, C. and {Patel}, C. and {Pen}, U. -L. and {Pinsonneault-Marotte}, T. and {Pleunis}, Z. and {Quine}, B.~M. and {Rafiei-Ravandi}, M. and {Rahman}, M. and {Ransom}, S.~M. and {Renard}, A. and {Sanghavi}, P. and {Scholz}, P. and {Shaw}, J.~R. and {Shin}, K. and {Siegel}, S.~R. and {Singh}, S. and {Smegal}, R.~J. and {Smith}, K.~M. and {Stairs}, I.~H. and {Tan}, C.~M. and {Tendulkar}, S.~P. and {Tretyakov}, I. and {Vanderlinde}, K. and {Wang}, H. and {Wulf}, D. and {Zwaniga}, A.~V.},
        title = "{A bright millisecond-duration radio burst from a Galactic magnetar}",
      journal = {\nat},
     keywords = {Astrophysics - High Energy Astrophysical Phenomena},
         year = 2020,
        month = nov,
       volume = {587},
       number = {7832},
        pages = {54-58},
          doi = {10.1038/s41586-020-2863-y},
archivePrefix = {arXiv},
       eprint = {2005.10324},
 primaryClass = {astro-ph.HE},
       adsurl = {https://ui.adsabs.harvard.edu/abs/2020Natur.587...54C},
      adsnote = {Provided by the SAO/NASA Astrophysics Data System}
}

@ARTICLE{kirsten2022m81,
       author = {{Kirsten}, F. and {Marcote}, B. and {Nimmo}, K. and {Hessels}, J.~W.~T. and {Bhardwaj}, M. and {Tendulkar}, S.~P. and {Keimpema}, A. and {Yang}, J. and {Snelders}, M.~P. and {Scholz}, P. and {Pearlman}, A.~B. and {Law}, C.~J. and {Peters}, W.~M. and {Giroletti}, M. and {Paragi}, Z. and {Bassa}, C. and {Hewitt}, D.~M. and {Bach}, U. and {Bezrukovs}, V. and {Burgay}, M. and {Buttaccio}, S.~T. and {Conway}, J.~E. and {Corongiu}, A. and {Feiler}, R. and {Forss{\'e}n}, O. and {Gawro{\'n}ski}, M.~P. and {Karuppusamy}, R. and {Kharinov}, M.~A. and {Lindqvist}, M. and {Maccaferri}, G. and {Melnikov}, A. and {Ould-Boukattine}, O.~S. and {Possenti}, A. and {Surcis}, G. and {Wang}, N. and {Yuan}, J. and {Aggarwal}, K. and {Anna-Thomas}, R. and {Bower}, G.~C. and {Blaauw}, R. and {Burke-Spolaor}, S. and {Cassanelli}, T. and {Clarke}, T.~E. and {Fonseca}, E. and {Gaensler}, B.~M. and {Gopinath}, A. and {Kaspi}, V.~M. and {Kassim}, N. and {Lazio}, T.~J.~W. and {Leung}, C. and {Li}, D.~Z. and {Lin}, H.~H. and {Masui}, K.~W. and {Mckinven}, R. and {Michilli}, D. and {Mikhailov}, A.~G. and {Ng}, C. and {Orbidans}, A. and {Pen}, U.~L. and {Petroff}, E. and {Rahman}, M. and {Ransom}, S.~M. and {Shin}, K. and {Smith}, K.~M. and {Stairs}, I.~H. and {Vlemmings}, W.},
        title = "{A repeating fast radio burst source in a globular cluster}",
      journal = {\nat},
     keywords = {Astrophysics - High Energy Astrophysical Phenomena, Astrophysics - Cosmology and Nongalactic Astrophysics},
         year = 2022,
        month = feb,
       volume = {602},
       number = {7898},
        pages = {585-589},
          doi = {10.1038/s41586-021-04354-w},
archivePrefix = {arXiv},
       eprint = {2105.11445},
 primaryClass = {astro-ph.HE},
       adsurl = {https://ui.adsabs.harvard.edu/abs/2022Natur.602..585K},
      adsnote = {Provided by the SAO/NASA Astrophysics Data System}
}

@ARTICLE{lanman2024kko,
       author = {{Lanman}, Adam E. and {Andrew}, Shion and {Lazda}, Mattias and {Shah}, Vishwangi and {Amiri}, Mandana and {Balasubramanian}, Arvind and {Bandura}, Kevin and {Boyle}, P.~J. and {Brar}, Charanjot and {Carlson}, Mark and {Cliche}, Jean-Fran{\c{c}}ois and {Gusinskaia}, Nina and {Hendricksen}, Ian T. and {Kaczmarek}, J.~F. and {Landecker}, Tom and {Leung}, Calvin and {Mckinven}, Ryan and {Mena-Parra}, Juan and {Milutinovic}, Nikola and {Nimmo}, Kenzie and {Pearlman}, Aaron B. and {Renard}, Andre and {Rahman}, Mubdi and {Shaw}, J. Richard and {Siegel}, Seth R. and {Smegal}, Rick J. and {Cassanelli}, Tomas and {Chatterjee}, Shami and {Curtin}, Alice P. and {Dobbs}, Matt and {Dong}, Fengqiu Adam and {Halpern}, Mark and {Hopkins}, Hans and {Kaspi}, Victoria M. and {Khairy}, Kholoud and {Masui}, Kiyoshi W. and {Meyers}, Bradley W. and {Michilli}, Daniele and {Petroff}, Emily and {Pinsonneault-Marotte}, Tristan and {Pleunis}, Ziggy and {Rafiei-Ravandi}, Masoud and {Shin}, Kaitlyn and {Smith}, Kendrick and {Vanderlinde}, Keith and {Zegmott}, Tarik J.},
        title = "{CHIME/FRB Outriggers: KKO Station System and Commissioning Results}",
      journal = {\aj},
     keywords = {Radio telescopes, Astronomical instrumentation, Radio interferometers, Very long baseline interferometry, Radio transient sources, Telescopes, 1360, 799, 1345, 1769, 2008, 1689, Astrophysics - Instrumentation and Methods for Astrophysics},
         year = 2024,
        month = aug,
       volume = {168},
       number = {2},
          eid = {87},
        pages = {87},
          doi = {10.3847/1538-3881/ad5838},
archivePrefix = {arXiv},
       eprint = {2402.07898},
 primaryClass = {astro-ph.IM},
       adsurl = {https://ui.adsabs.harvard.edu/abs/2024AJ....168...87L},
      adsnote = {Provided by the SAO/NASA Astrophysics Data System}
}


@ARTICLE{piro2021,
       author = {{Piro}, L. and {Bruni}, G. and {Troja}, E. and {O'Connor}, B. and {Panessa}, F. and {Ricci}, R. and {Zhang}, B. and {Burgay}, M. and {Dichiara}, S. and {Lee}, K.~J. and {Lotti}, S. and {Niu}, J.~R. and {Pilia}, M. and {Possenti}, A. and {Trudu}, M. and {Xu}, H. and {Zhu}, W.~W. and {Kutyrev}, A.~S. and {Veilleux}, S.},
        title = "{The fast radio burst FRB 20201124A in a star-forming region: Constraints to the progenitor and multiwavelength counterparts}",
      journal = {\aap},
     keywords = {stars: magnetars, radio continuum: galaxies, galaxies: star formation, X-rays: bursts, Astrophysics - High Energy Astrophysical Phenomena},
         year = 2021,
        month = dec,
       volume = {656},
          eid = {L15},
        pages = {L15},
          doi = {10.1051/0004-6361/202141903},
archivePrefix = {arXiv},
       eprint = {2107.14339},
 primaryClass = {astro-ph.HE},
       adsurl = {https://ui.adsabs.harvard.edu/abs/2021A&A...656L..15P},
      adsnote = {Provided by the SAO/NASA Astrophysics Data System}
}

@ARTICLE{leung2021synoptic,
       author = {{Leung}, Calvin and {Mena-Parra}, Juan and {Masui}, Kiyoshi and {Bandura}, Kevin and {Bhardwaj}, Mohit and {Boyle}, P.~J. and {Brar}, Charanjot and {Bruneault}, Mathieu and {Cassanelli}, Tomas and {Cubranic}, Davor and {Kaczmarek}, Jane F. and {Kaspi}, Victoria and {Landecker}, Tom and {Michilli}, Daniele and {Milutinovic}, Nikola and {Patel}, Chitrang and {Pleunis}, Ziggy and {Rahman}, Mubdi and {Renard}, Andre and {Sanghavi}, Pranav and {Stairs}, Ingrid H. and {Scholz}, Paul and {Vanderlinde}, Keith and {Chime/Frb Collaboration}},
        title = "{A Synoptic VLBI Technique for Localizing Nonrepeating Fast Radio Bursts with CHIME/FRB}",
      journal = {\aj},
     keywords = {Very long baseline interferometry, Radio astrometry, Radio transient sources, Radio pulsars, 1769, 1337, 2008, 1353, Astrophysics - Instrumentation and Methods for Astrophysics, Astrophysics - High Energy Astrophysical Phenomena},
         year = 2021,
        month = feb,
       volume = {161},
       number = {2},
          eid = {81},
        pages = {81},
          doi = {10.3847/1538-3881/abd174},
archivePrefix = {arXiv},
       eprint = {2008.11738},
 primaryClass = {astro-ph.IM},
       adsurl = {https://ui.adsabs.harvard.edu/abs/2021AJ....161...81L},
      adsnote = {Provided by the SAO/NASA Astrophysics Data System}
}

@ARTICLE{shannon2024ics,
       author = {{Shannon}, R.~M. and {Bannister}, K.~W. and {Bera}, A. and {Bhandari}, S. and {Day}, C.~K. and {Deller}, A.~T. and {Dial}, T. and {Dobie}, D. and {Ekers}, R.~D. and {Fong}, W. -f. and {Glowacki}, M. and {Gordon}, A.~C. and {Gourdji}, K. and {Jaini}, A. and {James}, C.~W. and {Kumar}, P. and {Mahony}, E.~K. and {Marnoch}, L. and {Muller}, A.~R. and {Prochaska}, J.~X. and {Qiu}, H. and {Ryder}, S.~D. and {Sadler}, E.~M. and {Scott}, D.~R. and {Tejos}, N. and {Uttarkar}, P.~A. and {Wang}, Y.},
        title = "{The Commensal Real-time ASKAP Fast Transient incoherent-sum survey}",
      journal = {arXiv e-prints},
     keywords = {Astrophysics - High Energy Astrophysical Phenomena, Astrophysics - Instrumentation and Methods for Astrophysics},
         year = 2024,
        month = aug,
          eid = {arXiv:2408.02083},
        pages = {arXiv:2408.02083},
          doi = {10.48550/arXiv.2408.02083},
archivePrefix = {arXiv},
       eprint = {2408.02083},
 primaryClass = {astro-ph.HE},
       adsurl = {https://ui.adsabs.harvard.edu/abs/2024arXiv240802083S},
      adsnote = {Provided by the SAO/NASA Astrophysics Data System}
}

@ARTICLE{sharma2024preferential,
       author = {{Sharma}, Kritti and {Ravi}, Vikram and {Connor}, Liam and {Law}, Casey and {Ocker}, Stella Koch and {Sherman}, Myles and {Kosogorov}, Nikita and {Faber}, Jakob and {Hallinan}, Gregg and {Harnach}, Charlie and {Hellbourg}, Greg and {Hobbs}, Rick and {Hodge}, David and {Hodges}, Mark and {Lamb}, James and {Rasmussen}, Paul and {Somalwar}, Jean and {Weinreb}, Sander and {Woody}, David and {Leja}, Joel and {Anand}, Shreya and {Das}, Kaustav Kashyap and {Qin}, Yu-Jing and {Rose}, Sam and {Dong}, Dillon Z. and {Miller}, Jessie and {Yao}, Yuhan},
        title = "{Preferential occurrence of fast radio bursts in massive star-forming galaxies}",
      journal = {\nat},
     keywords = {Astrophysics - High Energy Astrophysical Phenomena, Astrophysics - Astrophysics of Galaxies},
         year = 2024,
        month = nov,
       volume = {635},
       number = {8037},
        pages = {61-66},
          doi = {10.1038/s41586-024-08074-9},
archivePrefix = {arXiv},
       eprint = {2409.16964},
 primaryClass = {astro-ph.HE},
       adsurl = {https://ui.adsabs.harvard.edu/abs/2024Natur.635...61S},
      adsnote = {Provided by the SAO/NASA Astrophysics Data System}
}

@ARTICLE{pleunis2021lofar,
       author = {{Pleunis}, Z. and {Michilli}, D. and {Bassa}, C.~G. and {Hessels}, J.~W.~T. and {Naidu}, A. and {Andersen}, B.~C. and {Chawla}, P. and {Fonseca}, E. and {Gopinath}, A. and {Kaspi}, V.~M. and {Kondratiev}, V.~I. and {Li}, D.~Z. and {Bhardwaj}, M. and {Boyle}, P.~J. and {Brar}, C. and {Cassanelli}, T. and {Gupta}, Y. and {Josephy}, A. and {Karuppusamy}, R. and {Keimpema}, A. and {Kirsten}, F. and {Leung}, C. and {Marcote}, B. and {Masui}, K.~W. and {Mckinven}, R. and {Meyers}, B.~W. and {Ng}, C. and {Nimmo}, K. and {Paragi}, Z. and {Rahman}, M. and {Scholz}, P. and {Shin}, K. and {Smith}, K.~M. and {Stairs}, I.~H. and {Tendulkar}, S.~P.},
        title = "{LOFAR Detection of 110-188 MHz Emission and Frequency-dependent Activity from FRB 20180916B}",
      journal = {\apjl},
     keywords = {Radio transient sources, High energy astrophysics, Neutron stars, 2008, 739, 1108, Astrophysics - High Energy Astrophysical Phenomena},
         year = 2021,
        month = apr,
       volume = {911},
       number = {1},
          eid = {L3},
        pages = {L3},
          doi = {10.3847/2041-8213/abec72},
archivePrefix = {arXiv},
       eprint = {2012.08372},
 primaryClass = {astro-ph.HE},
       adsurl = {https://ui.adsabs.harvard.edu/abs/2021ApJ...911L...3P},
      adsnote = {Provided by the SAO/NASA Astrophysics Data System}
}

@ARTICLE{hurleywalker2022radio,
       author = {{Hurley-Walker}, N. and {Zhang}, X. and {Bahramian}, A. and {McSweeney}, S.~J. and {O'Doherty}, T.~N. and {Hancock}, P.~J. and {Morgan}, J.~S. and {Anderson}, G.~E. and {Heald}, G.~H. and {Galvin}, T.~J.},
        title = "{A radio transient with unusually slow periodic emission}",
      journal = {\nat},
         year = 2022,
        month = jan,
       volume = {601},
       number = {7894},
        pages = {526-530},
          doi = {10.1038/s41586-021-04272-x},
       adsurl = {https://ui.adsabs.harvard.edu/abs/2022Natur.601..526H},
      adsnote = {Provided by the SAO/NASA Astrophysics Data System}
}

